
@article{stempfle_multiscale_2018,
	title = {Multiscale structure of nacre biomaterial: {Thermomechanical} behavior and wear processes},
	volume = {91},
	copyright = {All rights reserved},
	issn = {09284931},
	shorttitle = {Multiscale structure of nacre biomaterial},
	url = {https://linkinghub.elsevier.com/retrieve/pii/S0928493117333763},
	doi = {10.1016/j.msec.2018.05.029},
	language = {en},
	urldate = {2018-10-10},
	journal = {Materials Science and Engineering: C},
	author = {Stempflé, Philippe and Bourrat, Xavier and Pantalé, Olivier and Njiwa, Richard Kouitat and Jehl, Jean-Philippe and Domatti, Anne and Lopez, Evelyne},
	month = oct,
	year = {2018},
	pages = {78--93},
	file = {Stempflé et al. - 2018 - Multiscale structure of nacre biomaterial Thermom.pdf:/home/pantale/SynologyDrive/Recherche/Bibliography/Zotero/storage/HRVXZP6D/Stempflé et al. - 2018 - Multiscale structure of nacre biomaterial Thermom.pdf:application/pdf}
}

@article{ming_efficient_2018,
	title = {An efficient and robust {VUMAT} implementation of elastoplastic constitutive laws in {Abaqus}/{Explicit} finite element code},
	volume = {19},
	copyright = {All rights reserved},
	issn = {2257-7777, 2257-7750},
	url = {https://www.mechanics-industry.org/10.1051/meca/2018021},
	doi = {10.1051/meca/2018021},
	number = {3},
	urldate = {2018-10-10},
	journal = {Mechanics \& Industry},
	author = {Ming, Lu and Pantalé, Olivier},
	year = {2018},
	pages = {308},
	file = {Ming et Pantalé - 2018 - An efficient and robust VUMAT implementation of el.pdf:/home/pantale/SynologyDrive/Recherche/Bibliography/Zotero/storage/ZEKIVLA9/Ming et Pantalé - 2018 - An efficient and robust VUMAT implementation of el.pdf:application/pdf}
}

@article{guede_integration_2006,
	title = {Integration of a {Multi}-{Physics} {Model} in a {Reliability}-{Based} {Design} {Framework}: {Application} to {Power} {Converters}},
	copyright = {All rights reserved},
	shorttitle = {Integration of a {Multi}-{Physics} {Model} in a {Reliability}-{Based} {Design} {Framework}},
	url = {http://www.ctresources.info/ccp/paper.html?id=3821},
	doi = {10.4203/ccp.83.41},
	urldate = {2017-07-06},
	author = {Guédé, Zakoua and Pantalé, Olivier and Caperaa, Serge},
	year = {2006},
	file = {Guédé et al. - 2006 - Integration of a Multi-Physics Model in a Reliabil.pdf:/home/pantale/SynologyDrive/Recherche/Bibliography/Zotero/storage/HFPG4XFT/Guédé et al. - 2006 - Integration of a Multi-Physics Model in a Reliabil.pdf:application/pdf}
}

@article{pantale_development_2004,
	series = {Selected {Papers} from the {Second} {International} {Conference} on {Advanced} {Computational} {Methods} in {Engineering} ({ACOMEN} 2002)},
	title = {Development of an object-oriented finite element program: application to metal-forming and impact simulations},
	volume = {168},
	copyright = {All rights reserved},
	issn = {0377-0427},
	shorttitle = {Development of an object-oriented finite element program},
	url = {http://www.sciencedirect.com/science/article/pii/S0377042703009981},
	doi = {10.1016/j.cam.2003.04.009},
	abstract = {During the last 50 years, the development of better numerical methods and more powerful computers has been a major enterprise for the scientific community. In the same time, the finite element method has become a widely used tool for researchers and engineers. Recent advances in computational software have made possible to solve more physical and complex problems such as coupled problems, nonlinearities, high strain and high-strain rate problems. In this field, an accurate analysis of large deformation inelastic problems occurring in metal-forming or impact simulations is extremely important as a consequence of high amount of plastic flow. In this presentation, the object-oriented implementation, using the C++ language, of an explicit finite element code called DynELA is presented. The object-oriented programming (OOP) leads to better-structured codes for the finite element method and facilitates the development, the maintainability and the expandability of such codes. The most significant advantage of OOP is in the modeling of complex physical systems such as deformation processing where the overall complex problem is partitioned in individual sub-problems based on physical, mathematical or geometric reasoning. We first focus on the advantages of OOP for the development of scientific programs. Specific aspects of OOP, such as the inheritance mechanism, the operators overload procedure or the use of template classes are detailed. Then we present the approach used for the development of our finite element code through the presentation of the kinematics, conservative and constitutive laws and their respective implementation in C++. Finally, the efficiency and accuracy of our finite element program are investigated using a number of benchmark tests relative to metal forming and impact simulations.},
	number = {1},
	journal = {Journal of Computational and Applied Mathematics},
	author = {Pantalé, Olivier and Caperaa, Serge and Rakotomalala, Roger},
	month = jul,
	year = {2004},
	keywords = {C++, Explicit integration, Impact, Large deformations, Nonlinear finite-element, Object-oriented programming, Plasticity},
	pages = {341--351},
	file = {Pantalé et al. - 2004 - Development of an object-oriented finite element p.pdf:/home/pantale/SynologyDrive/Recherche/Bibliography/Zotero/storage/BUPEVN5R/Pantalé et al. - 2004 - Development of an object-oriented finite element p.pdf:application/pdf}
}

@article{stempfle_friction-induced_2007,
	title = {Friction-induced sheet nacre fracture: effects of nano-shocks on cracks location},
	volume = {4},
	copyright = {All rights reserved},
	issn = {1475-7435, 1741-8151},
	shorttitle = {Friction-induced sheet nacre fracture},
	url = {http://www.inderscience.com/link.php?id=15466},
	doi = {10.1504/IJNT.2007.015466},
	language = {en},
	number = {6},
	urldate = {2017-07-06},
	journal = {International Journal of Nanotechnology},
	author = {Stempflé, Philippe and Pantalé, Olivier and Njiwa, Richard Kouitat and Rousseau, Marthe and Lopez, Evelyne and Bourrat, Xavier},
	year = {2007},
	pages = {712},
	file = {Stempflé et al. - 2007 - Friction-induced sheet nacre fracture effects of .pdf:/home/pantale/SynologyDrive/Recherche/Bibliography/Zotero/storage/FD34TQRY/Stempflé et al. - 2007 - Friction-induced sheet nacre fracture effects of .pdf:application/pdf}
}

@article{stempfle_mechanical_2010,
	title = {Mechanical properties of the elemental nanocomponents of nacre structure},
	volume = {30},
	copyright = {All rights reserved},
	issn = {0928-4931},
	url = {http://www.sciencedirect.com/science/article/pii/S092849311000055X},
	doi = {10.1016/j.msec.2010.03.003},
	abstract = {Sheet nacre is a nanocomposite with a multiscale structure displaying a lamellar “bricks and mortar” microarchitecture. In this latter, the brick refer to aragonite platelets and the mortar to a soft organic biopolymer. However, it appears that each brick is also a nanocomposite constituted as CaCO3 nanoparticles reinforced organic composite material. What is the role of this “intracrystalline” organic phase in the deformation of platelet? How does this nanostructure control the mechanical behaviour of sheet nacre at the macroscale? To answer these questions, the mechanical properties of each nanocomponents are successively investigated and computed using spherical and sharp nanoindentation tests combined with a structural model of the organomineral platelets built from AFM investigations.},
	number = {5},
	journal = {Materials Science and Engineering: C},
	author = {Stempflé, Philippe and Pantalé, Olivier and Rousseau, Marthe and Lopez, Evelyne and Bourrat, Xavier},
	month = jun,
	year = {2010},
	keywords = {AFM image analysis, Aragonite platelets, Biocrystals, Mother of pearl, Nanoindentation},
	pages = {715--721},
	file = {Stempflé et al. - 2010 - Mechanical properties of the elemental nanocompone.pdf:/home/pantale/SynologyDrive/Recherche/Bibliography/Zotero/storage/GCB3XD8N/Stempflé et al. - 2010 - Mechanical properties of the elemental nanocompone.pdf:application/pdf}
}

@article{pantale_2d_2004,
	series = {The {Arbitrary} {Lagrangian}-{Eulerian} {Formulation}},
	title = {{2D} and {3D} numerical models of metal cutting with damage effects},
	volume = {193},
	copyright = {All rights reserved},
	issn = {0045-7825},
	url = {http://www.sciencedirect.com/science/article/pii/S0045782504002269},
	doi = {10.1016/j.cma.2003.12.062},
	abstract = {In this paper a two-dimensional and a three-dimensional finite element models of unsteady-state metal cutting are presented. These models take into account dynamic effects, thermo-mechanical coupling, constitutive damage law and contact with friction. The simulations concern the study of the unsteady-state process of chip formation. The yield stress is taken as a function of the strain, the strain rate and the temperature in order to reflect realistic behavior in metal cutting. Unsteady-state process simulation needs a material separation criterion (chip criterion) and thus, many models in the literature use an arbitrary criterion based on the effective plastic strain, the strain energy density or the distance between nodes of parts and tool edge. The damage constitutive law adopted in models presented here allows defining advanced simulations of tool's penetration in workpiece and chip formation. The originality introduced here is that this damage law has been defined from tensile and torsion tests, and we applied it for machining process. Stresses and temperature distributions, chip formation and tool forces are shown at different stages of the cutting process. Finally, we present a three-dimensional oblique model to simulate the unsteady-state process of chip formation. This model, using the damage law defined before, allows an advanced simulation close to the real cutting process. The final part shows a milling application. An arbitrary Lagrangian Eulerian formulation (ALE) is used for these simulations; this formalism combines both the advantages of Eulerian and Lagrangian representations in a single description, it is exploited to reduce finite element mesh distortions.},
	number = {39},
	journal = {Computer Methods in Applied Mechanics and Engineering},
	author = {Pantalé, Olivier and Bacaria, Jean-Louis and Dalverny, Olivier and Rakotomalala, Roger and Caperaa, Serge},
	month = oct,
	year = {2004},
	keywords = {ALE, Damage law, Finite elements, Metal cutting, Milling},
	pages = {4383--4399},
	file = {Pantalé et al. - 2004 - 2D and 3D numerical models of metal cutting with d.pdf:/home/pantale/SynologyDrive/Recherche/Bibliography/Zotero/storage/YQZIV5F8/Pantalé et al. - 2004 - 2D and 3D numerical models of metal cutting with d.pdf:application/pdf}
}

@article{nistor_new_2003,
	title = {A new dynamic test for the identification of high speed friction law using a gas-gun device},
	volume = {110},
	copyright = {All rights reserved},
	issn = {1155-4339},
	url = {http://www.edpsciences.org/10.1051/jp4:20020746},
	doi = {10.1051/jp4:20020746},
	urldate = {2017-07-06},
	journal = {Journal de Physique IV (Proceedings)},
	author = {Nistor, Ionel and Pantalé, Olivier and Caperaa, Serge and Sattouf, Chakib},
	month = sep,
	year = {2003},
	pages = {519--524},
	file = {Nistor et al. - 2003 - A new dynamic test for the identification of high .pdf:/home/pantale/SynologyDrive/Recherche/Bibliography/Zotero/storage/75UBWYV5/Nistor et al. - 2003 - A new dynamic test for the identification of high .pdf:application/pdf}
}

@incollection{maugin_3d-numerical_2002,
	address = {Dordrecht},
	title = {A {3D}-{Numerical} {Thermomechanical} {Approach} for {Materials} {Cutting}},
	volume = {76},
	copyright = {All rights reserved},
	isbn = {978-0-7923-6407-8},
	url = {http://link.springer.com/10.1007/0-306-46946-4_21},
	language = {en},
	urldate = {2017-07-06},
	booktitle = {Continuum {Thermomechanics}},
	publisher = {Kluwer Academic Publishers},
	author = {Lorong, Philippe and Pantalé, Olivier and Rakotomalala, Roger and Touratier, Maurice},
	editor = {Maugin, Gérard A. and Drouot, Raymonde and Sidoroff, François},
	year = {2002},
	pages = {277--288},
	file = {Lorong et al. - 2002 - A 3D-Numerical Thermomechanical Approach for Mater.pdf:/home/pantale/SynologyDrive/Recherche/Bibliography/Zotero/storage/VVC46HXU/Lorong et al. - 2002 - A 3D-Numerical Thermomechanical Approach for Mater.pdf:application/pdf}
}

@article{joyot_numerical_1998,
	title = {A numerical simulation of steady state metal cutting},
	volume = {212},
	copyright = {All rights reserved},
	issn = {0954-4062},
	url = {http://journals.sagepub.com/doi/abs/10.1243/0954406981521268},
	doi = {10.1243/0954406981521268},
	abstract = {Abstract, An arbitrary Lagrangian-Eulerian (ALE) approach is used to model the orthogonal metal cutting in a steady state situation. The thermomechanical model includes the effects of elasticity, plasticity, strain rate, large strains and friction with heat generated between the tool and the chip. The ALE formulation can combine the advantages of both the Eulerian and Lagrangian approaches in a single description. Particularly, problems linked to the free surface in a Eulerian description and those linked to severe mesh distortions in a Lagrangian one can be solved by this formulation. The ALE governing equations are briefly reviewed in this paper; finite element and finite volume methods are used for the discretization of the conservation equations and an explicit time integration is adopted. Only the steady state solution is required; the ALE formulation is exploited to update the free and the contact surfaces. The model predicts the thermomechanical quantities, the chip geometry and the cutting forces from the cutting data and the material and friction parameters., Cutting experiments were performed with 42CD4 steel and comparisons of experimental tool forces and chip geometry with the numerical results are presented.},
	language = {en},
	number = {5},
	journal = {Proceedings of the Institution of Mechanical Engineers, Part C: Journal of Mechanical Engineering Science},
	author = {Joyot, Pierre and Rakotomalala, Roger and Pantalé, Olivier and Touratier, Maurice and Hakem, Nawel},
	month = may,
	year = {1998},
	pages = {331--341},
	file = {Joyot et al. - 1998 - A numerical simulation of steady state metal cutti.pdf:/home/pantale/SynologyDrive/Recherche/Bibliography/Zotero/storage/GPADDQRH/Joyot et al. - 1998 - A numerical simulation of steady state metal cutti.pdf:application/pdf}
}

@article{goidescu_anisotropic_2015,
	title = {Anisotropic unilateral damage with initial orthotropy: {A} micromechanics-based approach},
	volume = {24},
	copyright = {All rights reserved},
	issn = {1056-7895},
	shorttitle = {Anisotropic unilateral damage with initial orthotropy},
	url = {http://dx.doi.org/10.1177/1056789514532299},
	doi = {10.1177/1056789514532299},
	abstract = {A micromechanics-based damage model able to describe the brittle response of initially anisotropic materials is presented. A special emphasis is put on the account of damage-induced anisotropy and unilateral behaviour related to microcracks closure effects. These both features clearly influence the inelastic deformation of microcracked materials and lead to even more complex consequences in the context of initial anisotropy. The aim of this work is then to derive a new strain-based formulation which allows representing the related interactions between all these phenomena. This is achieved through a recent two-dimensional energy-based micromechanical analysis that accounts for the fully anisotropic multilinear response of orthotropic materials weakened by arbitrarily oriented microcracks. On the other hand, the thermodynamics framework gives a standard procedure for the development of the damage evolution law. Throughout the paper, attention is put on the mathematical and thermodynamical consistency of the model to avoid difficulties usually associated to the simultaneous description of damage-induced anisotropy and unilateral effects. In addition to elastic constants, the model requires the identification of only two parameters related to damage evolution. The model has been implemented within the commercial finite-element code ABAQUS, and various numerical simulations are presented to illustrate its capabilities. Especially, evolution of the material symmetry and influence of opening-closure states of microcracks on the damage process are illustrated in the case of brittle matrix composites subjected to different loading cases (axis and off-axis loads, tension and compression, tension followed by compression).},
	language = {en},
	number = {3},
	journal = {International Journal of Damage Mechanics},
	author = {Goidescu, Cristina and Welemane, Hélène and Pantalé, Olivier and Karama, Moussa and Kondo, Djimédo},
	month = apr,
	year = {2015},
	pages = {313--337},
	file = {Goidescu et al. - 2015 - Anisotropic unilateral damage with initial orthotr.pdf:/home/pantale/SynologyDrive/Recherche/Bibliography/Zotero/storage/IWRE2PMD/Goidescu et al. - 2015 - Anisotropic unilateral damage with initial orthotr.pdf:application/pdf}
}

@article{bacaria_transient_2002,
	title = {Transient {Numerical} {Models} of {Metal} {Cutting} using the {Johnson}-{Cook}'s {Rupture} {Criterion}},
	volume = {5},
	copyright = {All rights reserved},
	issn = {12927775},
	url = {http://ijfp.revuesonline.com/article.jsp?articleId=3171},
	doi = {10.3166/ijfp.5.53-70},
	number = {1},
	urldate = {2017-07-06},
	journal = {International Journal of Forming Processes},
	author = {Bacaria, Jean-Louis and Dalverny, Olivier and Pantalé, Olivier and Rakotomalala, Roger},
	month = mar,
	year = {2002},
	pages = {53--70},
	file = {Bacaria et al. - 2002 - Transient Numerical Models of Metal Cutting using .pdf:/home/pantale/SynologyDrive/Recherche/Bibliography/Zotero/storage/UCI8QIUF/Bacaria et al. - 2002 - Transient Numerical Models of Metal Cutting using .pdf:application/pdf}
}

@article{lemanle_sanga_finite_2016,
	title = {Finite {Element} {Simulation} of {Low} {Velocity} {Impact} {Damage} on an {Aeronautical} {Carbon} {Composite} {Structure}},
	volume = {23},
	copyright = {All rights reserved},
	issn = {0929-189X, 1573-4897},
	url = {https://link.springer.com/article/10.1007/s10443-016-9508-1},
	doi = {10.1007/s10443-016-9508-1},
	abstract = {Low velocity barely visible impact damage (BVID) in laminated carbon composite structures has a major importance for aeronautical industries. This contribution leads with the development of finite element models to simulate the initiation and the propagation of internal damage inside a carbon composite structure due by a low velocity impact. Composite plates made from liquid resin infusion process (LRI) have been subjected to low energy impacts (around 25 J) using a drop weight machine. In the experimental procedure, the internal damage is evaluated using an infrared thermographic camera while the indentation depth of the face is measured by optical measurement technique. In a first time we developed a robust model using homogenised shells based on degenerated tri-dimensional brick elements and in a second time we decided to modelize the whole stacking sequence of homogeneous layers and cohesive interlaminar interfaces in order to compare and validate the obtained results. Both layer and interface damage initiation and propagation models based on the Hashin and the Benzeggagh-Kenane criteria have been used for the numerical simulations. Comparison of numerical results and experiments has shown the accuracy of the proposed models.},
	language = {en},
	number = {6},
	urldate = {2017-07-06},
	journal = {Applied Composite Materials},
	author = {Lemanle Sanga, Roger Pierre and Garnier, Christian and Pantalé, Olivier},
	month = dec,
	year = {2016},
	pages = {1195--1208},
	file = {Lemanle Sanga et al. - 2016 - Finite Element Simulation of Low Velocity Impact D.pdf:/home/pantale/SynologyDrive/Recherche/Bibliography/Zotero/storage/CB3EW2WI/Lemanle Sanga et al. - 2016 - Finite Element Simulation of Low Velocity Impact D.pdf:application/pdf}
}

@article{abbassi_effect_2010,
	title = {Effect of {Ductile} {Damage} {Evolution} in {Sheet} {Metal} {Forming}: {Experimental} and {Numerical} {Investigations}},
	volume = {446},
	copyright = {All rights reserved},
	shorttitle = {Effect of {Ductile} {Damage} {Evolution} in {Sheet} {Metal} {Forming}},
	url = {http://www.scientific.net/KEM.446.157},
	doi = {10.4028/www.scientific.net/KEM.446.157},
	urldate = {2017-07-06},
	journal = {Key Engineering Materials},
	author = {Abbassi, Fethi and Pantalé, Olivier and Mistou, Sebastien and Zghal, Ali and Rakotomalala, Roger},
	month = jul,
	year = {2010},
	pages = {157--169},
	file = {Abbassi et al. - 2010 - Effect of Ductile Damage Evolution in Sheet Metal .pdf:/home/pantale/SynologyDrive/Recherche/Bibliography/Zotero/storage/WIVHKGV6/Abbassi et al. - 2010 - Effect of Ductile Damage Evolution in Sheet Metal .pdf:application/pdf}
}

@article{pantale_influence_2013,
	title = {Influence of the {Constitutive} {Flow} {Law} in {FEM} {Simulation} of the {Radial} {Forging} {Process}},
	volume = {2013},
	copyright = {All rights reserved},
	issn = {2314-4904, 2314-4912},
	url = {http://www.hindawi.com/journals/je/2013/231847/},
	doi = {10.1155/2013/231847},
	language = {en},
	urldate = {2017-07-06},
	journal = {Journal of Engineering},
	author = {Pantalé, Olivier and Gueye, Babacar},
	year = {2013},
	pages = {1--8},
	file = {Pantalé et Gueye - 2013 - Influence of the Constitutive Flow Law in FEM Simu.pdf:/home/pantale/SynologyDrive/Recherche/Bibliography/Zotero/storage/H5CIAEA4/Pantalé et Gueye - 2013 - Influence of the Constitutive Flow Law in FEM Simu.pdf:application/pdf}
}

@article{garnier_influence_2010,
	title = {Influence of {Process} and {Material} {Parameters} on {Impact} {Response} in {Composite} {Structure}: {Methodology} {Using} {Design} of {Experiments}},
	volume = {446},
	copyright = {All rights reserved},
	issn = {1662-9795},
	shorttitle = {Influence of {Process} and {Material} {Parameters} on {Impact} {Response} in {Composite} {Structure}},
	url = {http://www.scientific.net/KEM.446.83},
	doi = {10.4028/www.scientific.net/KEM.446.83},
	urldate = {2017-07-06},
	journal = {Key Engineering Materials},
	author = {Garnier, Christian and Mistou, Sebastien and Pantalé, Olivier},
	month = jul,
	year = {2010},
	pages = {83--90},
	file = {Garnier et al. - 2010 - Influence of Process and Material Parameters on Im.pdf:/home/pantale/SynologyDrive/Recherche/Bibliography/Zotero/storage/9HJUG5UY/Garnier et al. - 2010 - Influence of Process and Material Parameters on Im.pdf:application/pdf}
}

@article{dalverny_identification_2002,
	title = {Identification de lois constitutives et de lois de frottement adaptées aux grandes vitesses de sollicitation},
	volume = {12},
	copyright = {All rights reserved},
	url = {http://oatao.univ-toulouse.fr/5389/},
	abstract = {Résumé. Cet article présente une méthodologie d'identification de lois constitutives et de lois de contact adaptées
aux matériaux métalliques sous chargement dynamique à grande vitesse de déformation.
Les essais sont effectués à partir de montages expérimentaux adaptés à un lanceur à gaz permettant d'obtenir une
vitesse de projectile de l'ordre de 350 m/s pour une masse totale de 30 gr. Le premier essai consiste en un impact de
Taylor correspondant àun chargement mécanique de type compression. Le second essai de type " extrusion conique "
permet la détermination des lois de frottement à grande vitesse.
La procédure générale d'identification des lois de comportement à partir d'essais dynamiques se fait au moyen d'une
analyse post-mortem des échantillons et de la corrélation entre ces résultats expérimentaux et un modèle numérique
des essais. Pour les deux cas précédemment cités, nous présentons la configuration optimale d'essai ainsi que les
résultats obtenus à partir d'un algorithme d'optimisation de type Levenberg-Marquard},
	number = {11},
	journal = {Journal de Physique IV - Proceedings},
	author = {Dalverny, Olivier and Caperaa, Serge and Pantalé, Olivier and Sattouf, Chakib},
	year = {2002},
	keywords = {Identification - Essai d'impact - M�thodes inverses},
	pages = {275--282},
	file = {Dalverny et al. - 2002 - Identification de lois constitutives et de lois de.pdf:/home/pantale/SynologyDrive/Recherche/Bibliography/Zotero/storage/LHDKTVBU/Dalverny et al. - 2002 - Identification de lois constitutives et de lois de.pdf:application/pdf}
}

@article{welemane_brittle_2015,
	title = {Brittle {Damage} in {Initially} {Anisotropic} {Materials}: {A} {Model} {Accounting} for the {Induced} {Anisotropy} and {Unilateral} {Effects}},
	volume = {784},
	copyright = {All rights reserved},
	issn = {1662-7482},
	shorttitle = {Brittle {Damage} in {Initially} {Anisotropic} {Materials}},
	url = {http://www.scientific.net/AMM.784.173},
	doi = {10.4028/www.scientific.net/AMM.784.173},
	urldate = {2017-07-06},
	journal = {Applied Mechanics and Materials},
	author = {Welemane, Hélène and Goidescu, Cristina and Kondo, Djimédo and Pantalé, Olivier and Karama, Moussa},
	month = aug,
	year = {2015},
	pages = {173--178},
	file = {Welemane et al. - 2015 - Brittle Damage in Initially Anisotropic Materials.pdf:/home/pantale/SynologyDrive/Recherche/Bibliography/Zotero/storage/84EWTQTS/Welemane et al. - 2015 - Brittle Damage in Initially Anisotropic Materials.pdf:application/pdf}
}

@article{pantale_ale_1998,
	title = {An {ALE} three-dimensional model of orthogonal, oblique metal cutting processes},
	volume = {1},
	copyright = {All rights reserved},
	url = {http://oatao.univ-toulouse.fr/5390/},
	abstract = {An Arbitrary Lagrangian Eulerian (ALE) approach is used in this paper to model continuous three-dimensional orthogonal and oblique steady-state metal cutting processes. The thermomechanical coupled model includes the effects of elastoplasticity, high strain and strain rates, heat generation and friction between the chip and the tool. A thermal-viscoplastic constitutive equation associated with the Johnson-Cook flow law is adopted for the workpiece. A classic Coulomb friction law associated with heat generation and heat transfer is used tomodel the toolchip contact. The model is suitable for predicting thermo-mechanical quantities, chip geometry and the cutting forces from a set of cutting data, material and contact parameters. Cutting experiments and numerical simulations were performed on a 42CD4 steel and comparisons show a reasonable level of agreement.},
	number = {3},
	journal = {International Journal of Forming Processes},
	author = {Pantalé, Olivier and Rakotomalala, Roger and Touratier, Maurice},
	year = {1998},
	keywords = {Machining - Finite elements - Finite volumes - ALE - Thermo-mechanical coupling},
	pages = {371--388},
	file = {Pantalé et al. - 1998 - An ALE three-dimensional model of orthogonal, obli.pdf:/home/pantale/SynologyDrive/Recherche/Bibliography/Zotero/storage/XDUYUGGC/Pantalé et al. - 1998 - An ALE three-dimensional model of orthogonal, obli.pdf:application/pdf}
}

@article{nistor_numerical_2007,
	title = {Numerical propagation of dynamic cracks using {X}-{FEM}},
	volume = {16},
	copyright = {All rights reserved},
	issn = {1779-7179},
	url = {http://www.tandfonline.com/doi/abs/10.3166/remn.16.183-198},
	doi = {10.3166/remn.16.183-198},
	number = {2},
	journal = {European Journal of Computational Mechanics},
	author = {Nistor, Ionel and Pantalé, Olivier and Caperaa, Serge},
	month = jan,
	year = {2007},
	keywords = {cohesive model, Dynamic crack propagation, eXtended Finite Element Method, méthode des éléments finis étendue, modèle cohésif, partition de l’unité, Partition of unity, propagation dynamique de fissures},
	pages = {183--198},
	file = {Nistor et al. - 2007 - Numerical propagation of dynamic cracks using X-FE.pdf:/home/pantale/SynologyDrive/Recherche/Bibliography/Zotero/storage/UCEBBHFJ/Nistor et al. - 2007 - Numerical propagation of dynamic cracks using X-FE.pdf:application/pdf}
}

@article{menanteau_methodology_2006,
	title = {A methodology for large scale finite element models, including multi-physic, multi-domain and multi-timestep aspects},
	volume = {15},
	copyright = {All rights reserved},
	issn = {1779-7179},
	url = {http://www.tandfonline.com/doi/abs/10.3166/remn.15.799-824},
	doi = {10.3166/remn.15.799-824},
	number = {7-8},
	journal = {European Journal of Computational Mechanics},
	author = {Menanteau, Laurent and Pantalé, Olivier and Caperaa, Serge},
	month = jan,
	year = {2006},
	keywords = {Object-oriented programming, finite element, domain decomposition method, éléments finis, intégration multipas de temps, méthode de décomposition de domaine, multi-time stepping, parallélisation, parallelization, programmation orientée objets},
	pages = {799--824},
	file = {Menanteau et al. - 2006 - A methodology for large scale finite element model.pdf:/home/pantale/SynologyDrive/Recherche/Bibliography/Zotero/storage/39TSD9W7/Menanteau et al. - 2006 - A methodology for large scale finite element model.pdf:application/pdf}
}

@article{nistor_numerical_2008,
	title = {Numerical implementation of the {eXtended} {Finite} {Element} {Method} for dynamic crack analysis},
	volume = {39},
	copyright = {All rights reserved},
	issn = {0965-9978},
	url = {http://www.sciencedirect.com/science/article/pii/S0965997807001391},
	doi = {10.1016/j.advengsoft.2007.06.003},
	abstract = {A numerical implementation of the eXtended Finite Element Method (X-FEM) to analyze crack propagation in a structure under dynamic loading is presented in this paper. The arbitrary crack is treated by the X-FEM method without re-meshing but using an enrichment of the classical displacement-based finite element approximation in the framework of the partition of unity method. Several algorithms have been implemented, within an oriented object framework in C++, in the home made explicit FEM code. The new module, called DynaCrack, included in the dynamic FEM code DynELA, evaluates the crack geometry, the propagation of the crack and allow the post-processing of the numerical results. The module solves the system of discrete equations using an explicit integration scheme. Some numerical examples illustrating the main features and the computational efficiency of the DynaCrack module for dynamic crack propagation are presented in the last section of the paper.},
	number = {7},
	journal = {Advances in Engineering Software},
	author = {Nistor, Ionel and Pantalé, Olivier and Caperaa, Serge},
	month = jul,
	year = {2008},
	keywords = {Dynamic crack propagation, eXtended Finite Element Method, Partition of unity, Dynamic energy release rate, Finite element programming},
	pages = {573--587},
	file = {Nistor et al. - 2008 - Numerical implementation of the eXtended Finite El.pdf:/home/pantale/SynologyDrive/Recherche/Bibliography/Zotero/storage/22N9YEUE/Nistor et al. - 2008 - Numerical implementation of the eXtended Finite El.pdf:application/pdf}
}

@article{garnier_fatigue_2013,
	title = {Fatigue behavior of impacted composite structures},
	volume = {100},
	copyright = {All rights reserved},
	issn = {0263-8223},
	url = {http://www.sciencedirect.com/science/article/pii/S026382231300007X},
	doi = {10.1016/j.compstruct.2012.12.025},
	abstract = {The aim of this study was to compare the mechanical behavior of different impact-damaged composite materials. Three composite materials were realized using the Liquid Resin Infusion process (LRI) according to three different cycles of polymerization. Thus the temperature of the glass transition of the resin was controlled and the influence of this parameter was then determined. In accordance with the aeronautical use of composite materials, the plates were subjected to Barely Visible Impact Damage (BVID). Two experimental methods were developed to ensure that impact conditions were respected. The first method, using the numerical digitalization of surfaces made it possible to reconstruct the defect. Thus the residual indentation could be measured. This indentation had to be lower than 0.3mm. The second method, using passive infrared thermography, enabled the thermal cartography on the surface to be determined. The size of the damage area was then obtained. Through the use of these two methods, the best cycle of polymerization was determined and fatigue tests were carried out to estimate the evolution of the defect. For this purpose and in compliance with impact and fatigue testing standards, a new and adapted sample was imagined (FAI sample). The fatigue testing conditions were determined to avoid buckling effects and to limit the rise of the temperature of the sample. An experimental method using infrared thermography was then developed to follow the size evolution of the defect. This real time evolution was then compared to the loss of rigidity of the sample.},
	journal = {Composite Structures},
	author = {Garnier, Christian and Pastor, Marie-Laetitia and Lorrain, Bernard and Pantalé, Olivier},
	month = jun,
	year = {2013},
	keywords = {A. Impacted composite, B. BVID, D. Fatigue, D. Infrared thermography},
	pages = {443--450},
	file = {Garnier et al. - 2013 - Fatigue behavior of impacted composite structures.pdf:/home/pantale/SynologyDrive/Recherche/Bibliography/Zotero/storage/MK9NU5DQ/Garnier et al. - 2013 - Fatigue behavior of impacted composite structures.pdf:application/pdf}
}

@article{pantale_object-oriented_2002,
	title = {An object-oriented programming of an explicit dynamics code: application to impact simulation},
	volume = {33},
	copyright = {All rights reserved},
	issn = {0965-9978},
	shorttitle = {An object-oriented programming of an explicit dynamics code},
	url = {http://www.sciencedirect.com/science/article/pii/S0965997802000170},
	doi = {10.1016/S0965-9978(02)00017-0},
	abstract = {During the last fifty years, the development of better numerical methods and more powerful computers has been a major enterprise for the scientific community. Recent advances in computational softwares have lead to the possibility of solving more physical and complex problems (coupled problems, nonlinearities, high strain and high strain rate problems, etc.). The development of object-oriented programming leads to better structured codes for the finite element method and facilitates the development, the maintainability and the expandability of such codes. This paper presents an implementation in C++ of an explicit finite element program dedicated to the simulation of impacts. We first present a brief overview of the kinematics, the conservative and constitutive laws related to large deformation inelasticity. Then we present the design and the numerical implementation of some aspects developed with an emphasis on the object-oriented programming adopted. Finally, the efficiency and accuracy of the program are investigated through some benchmark tests.},
	number = {5},
	journal = {Advances in Engineering Software},
	author = {Pantalé, Olivier},
	month = may,
	year = {2002},
	keywords = {C++, Explicit integration, Impact, Large deformations, Nonlinear finite-element, Object-oriented programming, Plasticity},
	pages = {297--306},
	file = {Pantalé - 2002 - An object-oriented programming of an explicit dyna.pdf:/home/pantale/SynologyDrive/Recherche/Bibliography/Zotero/storage/53FRV48Y/Pantalé - 2002 - An object-oriented programming of an explicit dyna.pdf:application/pdf}
}

@article{pantale_parallelization_2005,
	title = {Parallelization of an object-oriented {FEM} dynamics code: influence of the strategies on the {Speedup}},
	volume = {36},
	copyright = {All rights reserved},
	issn = {0965-9978},
	shorttitle = {Parallelization of an object-oriented {FEM} dynamics code},
	url = {http://www.sciencedirect.com/science/article/pii/S0965997805000062},
	doi = {10.1016/j.advengsoft.2005.01.003},
	abstract = {This paper presents an implementation in C++ of an explicit parallel finite element code dedicated to the simulation of impacts. We first present a brief overview of the kinematics and the explicit integration scheme with details concerning some particular points. Then we present the OpenMP parallelization toolkit used in order to parallelize our FEM code, and we focus on how the parallelization of the DynELA FEM code has been conducted for a shared memory system using OpenMP. Some examples are then presented to demonstrate the efficiency and accuracy of the proposed implementations concerning the Speedup of the code. Finally, an impact simulation application is presented and results are compared with the ones obtained by the commercial Abaqus explicit FEM code.},
	number = {6},
	journal = {Advances in Engineering Software},
	author = {Pantalé, Olivier},
	month = jun,
	year = {2005},
	keywords = {C++, Impact, Large deformations, Object-oriented programming, Plasticity, Non-linear finite-element, OpenMP, Parallel computing},
	pages = {361--373},
	file = {Pantalé - 2005 - Parallelization of an object-oriented FEM dynamics.pdf:/home/pantale/SynologyDrive/Recherche/Bibliography/Zotero/storage/WA6CFLTP/Pantalé - 2005 - Parallelization of an object-oriented FEM dynamics.pdf:application/pdf}
}

@article{abbassi_fe_2015,
	series = {2nd {International} {Materials}, {Industrial}, and {Manufacturing} {Engineering} {Conference}, {MIMEC2015}, 4-6 {February} 2015, {Bali}, {Indonesia}},
	title = {{FE} {Simulation} and {Full}-field {Strain} {Measurements} to {Evaluate} the {Necking} {Phenomena}},
	volume = {2},
	copyright = {All rights reserved},
	issn = {2351-9789},
	url = {http://www.sciencedirect.com/science/article/pii/S2351978915000876},
	doi = {10.1016/j.promfg.2015.07.086},
	abstract = {During airbag production, many parts are obtained by plastic deformation such as the lid of the gas generator. Since the airbag gas generator is a significant vehicle safety part, several pressure tests have been developed in order to prove the reliability of this product. A ductile fracture problem initialized by a localization of the deformation is observed along the blending radius. In order to understand the mechanical processes involved in the forming operation, a numerical and experimental study was developed. A tensile test specimen extracted from the sheet of study, undergoes elastic deformation that is followed by a transition to plastic deformation. Although during this stage of the test the deformation is stable, the strains begin to localize within a relatively broad zone known as diffuse necking. The stable deformation, with continuously rising load, is followed by the instability whereby a local neck or shear band is produced due to strong localization of deformation. The localization is explainable by the inhomogeneity in macroscopic material properties in the specimen. The necking behavior is a vital precursor to the final failure. A Digital Image Correlation (DIC) method is used in 2D and 3D to evaluate the necking and localization of deformation, which shows clearly the two stage of necking phenomena. Moreover, a numerical modeling was developed of tensile test under ABAQUS commercial software. In this model we use Gurson Tvergaard Needleman (GTN) ductile model of damage to predict the necking phenomenon. Furthermore the results from FE simulations are compared with experimental results from uniaxial tensile tests. Finally we develop the numerical model of the lid of the gas generator obtained by forming process.},
	journal = {Procedia Manufacturing},
	author = {Abbassi, Fethi and Mistou, Sebastien and Pantalé, Olivier and Zghal, Ali},
	month = jan,
	year = {2015},
	keywords = {DIC, diffuse necking, ductile damage, FEM, local necking, Metal forming, tensile test},
	pages = {500--504},
	file = {Abbassi et al. - 2015 - FE Simulation and Full-field Strain Measurements t.pdf:/home/pantale/SynologyDrive/Recherche/Bibliography/Zotero/storage/96W4RMU9/Abbassi et al. - 2015 - FE Simulation and Full-field Strain Measurements t.pdf:application/pdf}
}

@article{pantale_rp_2020,
	title = {[{Rp}] {Parallelization} of an object-oriented {FEM} dynamics code},
	volume = {6},
	url = {https://zenodo.org/record/3901241},
	doi = {10.5281/zenodo.3901241},
	language = {C++},
	number = {1},
	journal = {ReScience C},
	author = {Pantalé, Olivier},
	month = jun,
	year = {2020},
	keywords = {C++, OpenMP, Finite Elements Code, Parallel programming},
	pages = {\#8},
	file = {Pantalé - 2020 - [Rp] Parallelization of an object-oriented FEM dyn.pdf:/home/pantale/SynologyDrive/Recherche/Bibliography/Zotero/storage/FWGBYHCS/Pantalé - 2020 - [Rp] Parallelization of an object-oriented FEM dyn.pdf:application/pdf}
}

@inproceedings{pantale_x-fem_2007,
	address = {Nantes, France},
	title = {X-{FEM} numerical simulation and experimental study of dynamic crack propagation},
	copyright = {All rights reserved},
	booktitle = {International {Conference} on {Computational} {Fracture} and {Failure} of {Materials} and {Structures}},
	author = {Pantalé, Olivier and Nistor, Ionel and Caperaa, Serge},
	month = jun,
	year = {2007}
}

@inproceedings{joyot_modepredictif_1994,
	title = {Un {Modèle} {Prédictif} de {Coupe} {Orthogonale} {Basé} sur une {Formulation} {Arbitraire} {Lagrangienne} {Eulérienne}},
	copyright = {All rights reserved},
	booktitle = {Journée {Procédés} d'usinage - {PRIMECA}},
	author = {Joyot, Pierre and Rakotomalala, Roger and Pantalé, Olivier and Touratier, Maurice and Hakem, Nawel},
	month = may,
	year = {1994}
}

@inproceedings{pantale_modenumerique_1996,
	title = {Un {Modèle} {Numerique} d'{Usinage}: {Analyse} de l'{Effet} du {Frottement} et de l'{Usure}},
	copyright = {All rights reserved},
	booktitle = {Journée {PRIMECA}},
	author = {Pantalé, Olivier and Rakotomalala, Roger and Touratier, Maurice and Caperaa, Serge},
	year = {1996}
}

@inproceedings{bacaria_transient_2001,
	address = {Liège Belgium},
	title = {Transient numerical models of discontinuous chip formation based on a damaged effect.},
	volume = {2},
	copyright = {All rights reserved},
	booktitle = {4th {Int}. {ESAFORM} {Conf}. on {Material} {Forming}},
	author = {Bacaria, Jean-Louis and Dalverny, Olivier and Pantalé, Olivier and Rakotomalala, Roger and Caperaa, Serge},
	editor = {Habrakem, A. M.},
	year = {2001},
	pages = {611--614}
}

@inproceedings{pantale_strategies_2005,
	title = {Strategies for a parallel {3D} {FEM} code: {Application} to impact and crash problems},
	copyright = {All rights reserved},
	booktitle = {Coupled {Problems} 2005 - {Santorini} {Island}},
	author = {Pantalé, Olivier and Caperaa, Serge},
	year = {2005},
	file = {Pantalé et Caperaa - 2005 - Strategies for a parallel 3D FEM code Application.pdf:/home/pantale/SynologyDrive/Recherche/Bibliography/Zotero/storage/EWSEK7X6/Pantalé et Caperaa - 2005 - Strategies for a parallel 3D FEM code Application.pdf:application/pdf}
}

@inproceedings{pantale_presentation_1994,
	title = {Présentation d'un {Modèle} {Tridimensionnel} {A}. {L}. {E} de {Coupe} {Orthogonale}},
	copyright = {All rights reserved},
	booktitle = {Usinage des {Matériaux} à {Caractéristiques} {Mécaniques} élevées {E}. {T}. {C}. {A}},
	author = {Pantalé, Olivier and Joyot, Pierre and Rakotomalala, Roger and Touratier, Maurice and Hakem, Nawel},
	month = jun,
	year = {1994}
}

@inproceedings{pantale_modelisation_1995,
	series = {{ISBN} 2-86601-471-5},
	title = {Modélisation {Tridimensionnelle} de la {Coupe} {Orthogonale}},
	volume = {2},
	copyright = {All rights reserved},
	booktitle = {2ème {Colloque} en {Calcul} de {Structures} - {Giens}},
	author = {Pantalé, Olivier and Rakotomalala, Roger and Touratier, Maurice and Hakem, Nawel},
	editor = {{Hermès}},
	month = may,
	year = {1995},
	pages = {597--602}
}

@inproceedings{pantale_modelisation_1995-1,
	title = {Modélisation {Tridimensionnelle} de {Coupe} {Orthogonale}},
	copyright = {All rights reserved},
	booktitle = {Journée {PRIMECA} {Procédés} d'{Usinage} - {CER} {ENSAM} - 71250 {Centre} de {Cluny}},
	author = {Pantalé, Olivier and Rakotomalala, Roger and Touratier, Maurice and Hakem, Nawel},
	month = apr,
	year = {1995}
}

@inproceedings{nistor_modelisation_2005,
	address = {Bucharest},
	series = {{ISBN}-973-640-074-3},
	title = {Modélisation des discontinuités dans les structures soumises à des chargements dynamiques par la méthode des élements finis étendue},
	copyright = {All rights reserved},
	booktitle = {31th {Internationally} attended scientific conference of the military technical academy},
	author = {Nistor, Ionel and Caperaa, Serge and Pantalé, Olivier},
	editor = {Academy, Military Technical},
	year = {2005}
}

@inproceedings{garnier_modeling_2009,
	title = {Modeling of ageing of composites structures under dynamic loads},
	copyright = {All rights reserved},
	booktitle = {{ICSAAM} 2009},
	author = {Garnier, Christian and Mistou, Sébastien and Felices, Jean-Noël and Hermel, Pascal and Naejus, Charles and Pantalé, Olivier},
	year = {2009}
}

@inproceedings{gueye_lubricant_2009,
	title = {Lubricant choice for rotary swaging process},
	copyright = {All rights reserved},
	booktitle = {{ICSAAM} 2009},
	author = {Gueye, Babacar and Pantalé, Olivier and Boutobza, F. and Mahéo, Yves},
	year = {2009}
}

@inproceedings{abbassi_etude_2006,
	address = {Mulhouse},
	title = {Etude de la striction de la tôle d'emboutissage},
	copyright = {All rights reserved},
	booktitle = {7ème colloque international francophone {Méthodes} et {Techniques} {Optiques} pour l'{Industrie}},
	author = {Abbassi, Fethi and Pantalé, Olivier and Zghal, Ali and Rakotomalala, Roger},
	month = nov,
	year = {2006}
}

@inproceedings{pantale_development_2002,
	address = {Liège University (Belgium)},
	series = {{ISBN} 2-930322-39-{X}},
	title = {Development of an object-oriented finite element program: application to metal-forming and impact simulations},
	copyright = {All rights reserved},
	booktitle = {{ACOMEN} 2002 {Second} international conference on advanced computational methods in engineering},
	author = {Pantalé, Olivier and Caperaa, Serge and Rakotomalala, Roger},
	month = may,
	year = {2002},
	file = {Pantalé et al. - 2002 - Development of an object-oriented finite element p.pdf:/home/pantale/SynologyDrive/Recherche/Bibliography/Zotero/storage/ZJQLL2T2/Pantalé et al. - 2002 - Development of an object-oriented finite element p.pdf:application/pdf}
}

@inproceedings{pantale_numerical_1997,
	address = {Metz},
	title = {A numerical model of metal cutting : effect of the friction and the tool wear},
	copyright = {All rights reserved},
	booktitle = {First {French} and {German} {Conference} on {High} {Speed} {Machining}},
	author = {Pantalé, Olivier and Rakotomalala, Roger and Touratier, Maurice and Hakem, Nawel and Caperaa, Serge},
	month = jun,
	year = {1997}
}

@inproceedings{pantale_ale_1995,
	title = {An {ALE} {Tridimensionnal} {Numerical} {Simulation} of {Orthogonal} {Cutting} {Process}},
	copyright = {All rights reserved},
	booktitle = {First {International} {Radioss} {Users} {Conference} - {SOPHIA} {ANTIPOLIS}},
	author = {Pantalé, Olivier and Rakotomalala, Roger and Touratier, Maurice and Hakem, Nawel},
	month = jun,
	year = {1995},
	file = {Pantalé et al. - 1995 - An ALE Tridimensionnal Numerical Simulation of Ort.pdf:/home/pantale/SynologyDrive/Recherche/Bibliography/Zotero/storage/JK3GSWEA/Pantalé et al. - 1995 - An ALE Tridimensionnal Numerical Simulation of Ort.pdf:application/pdf}
}

@inproceedings{sattouf_methodology_2000,
	address = {Tours, France},
	title = {A methodology for the identification of constitutive and contact laws of metallic materials under {High} {Strain} {Rates}},
	copyright = {All rights reserved},
	booktitle = {Advances in {Mechanical} {Behaviour}, {Plasticity} and {Damage}},
	publisher = {Elsevier},
	author = {Sattouf, Chakib and Pantalé, Olivier and Caperaa, Serge},
	month = nov,
	year = {2000},
	pages = {621--626},
	file = {Sattouf et al. - 2000 - A methodology for the identification of constituti.pdf:/home/pantale/SynologyDrive/Recherche/Bibliography/Zotero/storage/4HTKJSNS/Sattouf et al. - 2000 - A methodology for the identification of constituti.pdf:application/pdf}
}

@inproceedings{nistor_dynamic_2006,
	address = {Alexandroupolis, Greece},
	title = {A {Dynamic} {Crack} {Propagation} {Criteria} for {XFEM}, {Based} on {Path}-{Independent} {Integral} {Evaluation}},
	copyright = {All rights reserved},
	isbn = {978-1-4020-4971-2 978-1-4020-4972-9},
	url = {https://link.springer.com/chapter/10.1007/1-4020-4972-2_467},
	abstract = {The eXtended Finite Element Method (XFEM) has been successfully used for several years for the numerical analysis of cracked structures under statically and later under dynamically loadings. Based on Partition of Unity Method, the XFEM was developed at Northwestern University (Moes et al. [1]) firstly as a method for analysing crack growth without remeshing, using special enrichment functions to model discontinuous displacement fields. Since, the method was continuously improved and applied to various domains of fracture mechanics. The dynamic crack propagation is one of them and an important contribution for its modelling by XFEM was given by Belytschko et al. [2].},
	language = {en},
	urldate = {2017-07-06},
	booktitle = {Fracture of {Nano} and {Engineering} {Materials} and {Structures}},
	publisher = {Springer, Dordrecht},
	author = {Nistor, Ionel and Caperaa, Serge and Pantalé, Olivier},
	month = jul,
	year = {2006},
	pages = {943--944},
	file = {Nistor et al. - 2006 - A Dynamic Crack Propagation Criteria for XFEM, Bas.pdf:/home/pantale/SynologyDrive/Recherche/Bibliography/Zotero/storage/8V4V2UEZ/Nistor et al. - 2006 - A Dynamic Crack Propagation Criteria for XFEM, Bas.pdf:application/pdf}
}

@inproceedings{pantale_simulation_1999,
	title = {Simulation of {Chip} {Formation} in {Machining}},
	copyright = {All rights reserved},
	booktitle = {Proceedings of plasticity'99 ({Cancun})},
	author = {Pantalé, Olivier and Rakotomalala, Roger and Touratier, Maurice},
	editor = {Press, Neat},
	month = jan,
	year = {1999},
	pages = {397--400},
	file = {Pantalé et al. - 1999 - Simulation of Chip Formation in Machining.pdf:/home/pantale/SynologyDrive/Recherche/Bibliography/Zotero/storage/H8XY3U6U/Pantalé et al. - 1999 - Simulation of Chip Formation in Machining.pdf:application/pdf}
}

@inproceedings{pantale_identification_2003,
	address = {Bucharest},
	series = {{ISBN} 973-640-012-3},
	title = {Identification et modélisation du comportement des matériaux metalliques sous sollicitations dynamiques},
	copyright = {All rights reserved},
	booktitle = {30th {Internationally} attended scientific conference of the military technical academy},
	author = {Pantalé, Olivier and Nistor, Ionel and Caperaa, Serge},
	editor = {Academy, Military Technical},
	year = {2003},
	file = {Pantalé et al. - 2003 - Identification et modélisation du comportement des.pdf:/home/pantale/SynologyDrive/Recherche/Bibliography/Zotero/storage/HGAB96IP/Pantalé et al. - 2003 - Identification et modélisation du comportement des.pdf:application/pdf}
}

@inproceedings{nistor_new_2006,
	address = {Dijon, France},
	title = {A {New} {Impact} {Test} for the {Identification} of a {Dynamic} {Crack} {Propagation} {Criterion} {Using} a {Gas}-{Gun} {Device}},
	volume = {134},
	copyright = {All rights reserved},
	url = {http://www.edpsciences.org/10.1051/jp4:2006134110},
	doi = {10.1051/jp4:2006134110},
	urldate = {2017-07-06},
	booktitle = {Journal de {Physique} {IV} ({Proceedings})},
	author = {Nistor, Ionel and Pantalé, Olivier and Caperaa, Serge},
	month = sep,
	year = {2006},
	pages = {713--718},
	file = {Nistor et al. - 2006 - A New Impact Test for the Identification of a Dyna.pdf:/home/pantale/SynologyDrive/Recherche/Bibliography/Zotero/storage/P65K3RD7/Nistor et al. - 2006 - A New Impact Test for the Identification of a Dyna.pdf:application/pdf}
}

@inproceedings{nistor_modeling_2005,
	address = {Barcelona},
	title = {On the modeling of the dynamic crack propagation by extended finite element method: numerical implementation in {DynELA} code},
	copyright = {All rights reserved},
	booktitle = {{VIII} {International} {Conference} on {Computational} {Plasticity}},
	author = {Nistor, Ionel and Pantalé, Olivier and Caperaa, Serge},
	editor = {{CIMNE}},
	year = {2005},
	pages = {303--306},
	file = {Nistor et al. - 2005 - On the modeling of the dynamic crack propagation b.pdf:/home/pantale/SynologyDrive/Recherche/Bibliography/Zotero/storage/N4U2P9Z2/Nistor et al. - 2005 - On the modeling of the dynamic crack propagation b.pdf:application/pdf}
}

@inproceedings{nistor_identification_2003,
	address = {Barcelona},
	title = {Identification of a dynamic viscoplastic flow law using a combined {Levenberg}-{Marquardt} and {Monte}-{Carlo} algorithm},
	copyright = {All rights reserved},
	booktitle = {{VII} {International} {Conference} on {Computational} {Plasticity}, {COMPLAS} 2003},
	author = {Nistor, Ionel and Pantalé, Olivier and Caperaa, Serge and Sattouf, Chakib},
	editor = {{CIMNE}},
	month = apr,
	year = {2003},
	file = {Nistor et al. - 2003 - Identification of a dynamic viscoplastic flow law .pdf:/home/pantale/SynologyDrive/Recherche/Bibliography/Zotero/storage/3V9Y2KYB/Nistor et al. - 2003 - Identification of a dynamic viscoplastic flow law .pdf:application/pdf}
}

@inproceedings{menanteau_multigrid_2003,
	address = {Barcelona},
	title = {A multigrid method for the thermomechanical behaviour simulation applicated to power electronics converter},
	copyright = {All rights reserved},
	booktitle = {{VII} {International} {Conference} on {Computational} {Plasticity}, {COMPLAS} 2003},
	author = {Menanteau, Laurent and Caperaa, Serge and Pantalé, Olivier},
	year = {2003},
	file = {Menanteau et al. - 2003 - A multigrid method for the thermomechanical behavi.pdf:/home/pantale/SynologyDrive/Recherche/Bibliography/Zotero/storage/PXFQTYVV/Menanteau et al. - 2003 - A multigrid method for the thermomechanical behavi.pdf:application/pdf}
}

@inproceedings{welemane_micromechanical_2012,
	title = {Micromechanical modeling of brittle damage in composite materials: primary anisotropy, induced anisotropy and opening-closure effects},
	copyright = {All rights reserved},
	url = {http://oatao.univ-toulouse.fr/8849/},
	abstract = {Inelastic deformation of various brittle materials such as concrete, rocks or composites has been widely explained by the existence, nucleation and growth of microcracks. The oriented nature of these microdefects, coupled with the unilateral contact of their lips (i.e. microcracks can be either open or closed depending on loading), leads to a complex anisotropic behaviour notably characterized by a recovery of some effective properties at the closure of microcracks. For composite materials, the interaction of these both features with their primary (structural) anisotropy makes things even more complex. Experimental investigations through ultrasonic measures on ceramic matrix composites confirm the stiffness modifications due to degradation process, both on the amplitude (when loading axes correspond to initial material axes) and on the type of resulting material symmetry, especially in the case of off-axis loadings [3]. Concerning the unilateral effect, some authors have put in evidence the partial recovery of elastic properties at the closure of microcracks but these studies are often restricted to axial properties or to defects configurations coinciding with to the structural anisotropy of the material [1,8]. In terms of representation, the simultaneous description of the damage induced anisotropy and of the activation-deactivation process (the so-called unilateral effect) within a consistent modeling still remains a difficult and open research field, even in the context of initially isotropic materials. Indeed, mathematical or thermodynamical inconsistencies have been pointed out in existing formulations, such as discontinuities of the stress-strain response or non-uniqueness of the thermodynamic potential [4-5]. Concerning anisotropic microcracked materials, the analysis of their overall elastic properties is limited to configurations of open defects [6,7,9]. This paper aims to introduce a novel and original modeling approach for this problem within the framework of Continuum Damage Mechanics. In view of the lack of exhaustive experimental data on such aspects, we propose a micromechanics-based formulation of the resulting -generally fully- anisotropic multilinear response of orthotropic materials containing microcracks. On the basis of works by [2] for isotropic media, a strain-based homogenization approach is developed. This leads to a closed-form expression of the macroscopic free energy corresponding to 2D initially orthotropic materials weakened by arbitrarily oriented microcrack systems with account of closure effects. The consideration of such unilateral behavior constitutes one of the main contribution of the study. The explicit expressions obtained provide then a complete quantification of interaction effects both between primary and microcracks-induced anisotropies and between opening/closure states of cracks on the materials elastic properties. The thermodynamics framework finally gives a standard procedure for the formulation of the damage evolution law that ensures in all cases the verification of the thermodynamics second principle. Moreover, the association of the overall free energy expression derived with the standard evolution law introduces both oriented and closure effects due to microcracks in the material response and damage evolution. The model has been implemented within the finite-element code ABAQUS and various numerical simulations illustrate the representation capacities. Indeed, the formulation can account for the main features of brittle cracking kinetics, especially the load-induced anisotropy and the dissymmetry between initial damage thresholds in tension and compression.},
	booktitle = {European {Solid} {Mechanics} {Conference} - {ESMC} 12},
	author = {Welemane, Hélène and Goidescu, Cristina and Pantalé, Olivier and Barelli, Florent and Dalverny, Olivier},
	year = {2012},
	keywords = {Micromechanical modeling - Brittle damage - Composite materials - Primary anisotropy - Induced anisotropy - Opening-closure effects},
	file = {Welemane et al. - 2012 - Micromechanical modeling of brittle damage in comp.pdf:/home/pantale/SynologyDrive/Recherche/Bibliography/Zotero/storage/C93M927T/Welemane et al. - 2012 - Micromechanical modeling of brittle damage in comp.pdf:application/pdf}
}

@inproceedings{stempfle_nanoindentation_2007,
	title = {Nanoindentation and tribological tests – {Suitable} tools for modelling the nanostructure of sheet nacre},
	copyright = {info:eu-repo/semantics/openAccess},
	url = {https://hal.archives-ouvertes.fr/hal-00192575},
	abstract = {1. Introduction
Nacre (the pearly internal layer of seashells) is a natural 
nanocomposite currently studied for the design of new 
organic/inorganic hybrid materials by mimicking biomineralization processes. It is a bioceramic formed at 
ambient temperature and pressure [1] which displays an 
exceptional high strength, stiffness and toughness [2] to 
weight ratio, as well as a natural biocompatibility with human bones [3].},
	urldate = {2017-07-06},
	booktitle = {Proceedings of the 2nd {Vienna} {International} {Conference} of {Micro}- and {Nanotechnology}},
	publisher = {W.J. Bartz; F. Franek},
	author = {Stempflé, Philippe and Pantalé, Olivier and Kouitat Njiwa, Richard and Bourrat, Xavier and Rousseau, Marthe and Lopez, Evelyne},
	month = mar,
	year = {2007},
	pages = {pp. 153--159},
	file = {Stempflé et al. - 2007 - Nanoindentation and tribological tests – Suitable .pdf:/home/pantale/SynologyDrive/Recherche/Bibliography/Zotero/storage/VQM5956A/Stempflé et al. - 2007 - Nanoindentation and tribological tests – Suitable .pdf:application/pdf}
}

@inproceedings{stempfle_triboactive_2015,
	title = {Triboactive surfaces in multi-asperity nanotribology},
	copyright = {All rights reserved},
	booktitle = {Proceedings of the 42th {Leeds}-{Lyon} {Symposium} on {Tribology}},
	author = {Stempflé, Philippe and Domatti, Anne and Carrière, Pascal and Pantalé, Olivier and Cote, Jean-Marc and Takadoum, Jamal},
	year = {2015},
	file = {Stempflé et al. - 2015 - Triboactive surfaces in multi-asperity nanotribolo.pdf:/home/pantale/SynologyDrive/Recherche/Bibliography/Zotero/storage/KZ9CWMFJ/Stempflé et al. - 2015 - Triboactive surfaces in multi-asperity nanotribolo.pdf:application/pdf}
}

@inproceedings{welemane_modeendommagement_2013,
	title = {Un modèle d'endommagement fragile pour les matériaux composites : couplage entre anisotropies initiale et induite et effets unilatéraux},
	copyright = {All rights reserved},
	url = {http://oatao.univ-toulouse.fr/10134/},
	booktitle = {Congrés {Français} de {Mécanique}},
	author = {Welemane, Hélène and Goidescu, Cristina and Pantalé, Olivier and Karama, Moussa and Kondo, Djimédo},
	month = aug,
	year = {2013},
	keywords = {Mat�riaux composites - Endommagement - Microfissuration - Mod�lisation microm�canique - Anisotropie - Effet unilat�ral},
	file = {Welemane et al. - 2013 - Un modèle d'endommagement fragile pour les matéria.pdf:/home/pantale/SynologyDrive/Recherche/Bibliography/Zotero/storage/NZMHGBVV/Welemane et al. - 2013 - Un modèle d'endommagement fragile pour les matéria.pdf:application/pdf}
}

@inproceedings{stempfle_evaluation_2010,
	series = {36th {Leeds}–{Lyon} {Symposium} {Special} {Issue}: {Multi}-facets of {Tribology}},
	title = {Evaluation of the real contact area in three-body dry friction by micro-thermal analysis},
	volume = {43},
	copyright = {All rights reserved},
	url = {http://www.sciencedirect.com/science/article/pii/S0301679X09003363},
	doi = {10.1016/j.triboint.2009.12.001},
	abstract = {Many tribological properties and wear mechanisms occurring on the micro-and nanoscale are strongly controlled by the so-called real contact area (Ar) which is a small fraction of the nominal or apparent contact area (Aa). The determination of Ar is often based on either (i) a geometrical approach describing the real geometry of contacting surfaces or (ii) a mechanical approach involving contact mechanics and physical-mechanical properties. In addition some experimental methods have also been attempted but they generally do not take into account the presence of third body at the interface—i.e. the wear debris trapped within the contact. In this paper we propose an experimental approach to estimate the dynamic real contact area from the operating parameters (Fn, v, T) and the tribological responses (μ, Ft) in presence of third body. A scanning thermal microscope (SThM) is used for determining both the thermal conductivity of the third body and the relationship between the contact temperature and the thermal power really dissipated at the micro-asperity level. These results are combined with a thermal model of the macro-tribocontact for computing the real contact area and the real contact pressure. Validation of these results is carried out using a classical Greenwood Williamson model and finite element models built from the real AFM maps.},
	booktitle = {Tribology {International}},
	author = {Stempflé, Philippe and Pantalé, Olivier and Djilali, Toufik and Njiwa, Richard Kouitat and Bourrat, Xavier and Takadoum, Jamal},
	month = oct,
	year = {2010},
	keywords = {Friction, Greenwood–Williamson approach, Scanning thermal microscopy, Third body},
	pages = {1794--1805},
	file = {Stempflé et al. - 2010 - Evaluation of the real contact area in three-body .pdf:/home/pantale/SynologyDrive/Recherche/Bibliography/Zotero/storage/QU4C6BVI/Stempflé et al. - 2010 - Evaluation of the real contact area in three-body .pdf:application/pdf}
}

@inproceedings{abbassi_letude_2007,
	address = {Monastir, Tunisia},
	title = {L'étude de comportement élastoplastique anisotrope de tôle d'emboutissage par l'utilisation de corrélation d'image ({DIC})},
	copyright = {All rights reserved},
	booktitle = {2nd {International} {Congress} {Design} and {Modeling} of {Mechanical} {Systems}},
	author = {Abbassi, Fethi and Pantalé, Olivier and Zghal, Ali and Mistou, Sébastien and Rakotomalala, Roger},
	month = mar,
	year = {2007},
	file = {Abbassi et al. - 2007 - L'étude de comportement élastoplastique anisotrope.pdf:/home/pantale/SynologyDrive/Recherche/Bibliography/Zotero/storage/TZ3W2IY4/Abbassi et al. - 2007 - L'étude de comportement élastoplastique anisotrope.pdf:application/pdf}
}

@inproceedings{abbassi_parametric_2007,
	address = {Kyoto, Japan},
	title = {Parametric sheet metal characterization by using {Monte}-{Carlo} and {Levenberg}-{Marquardt} : bulge test application},
	copyright = {All rights reserved},
	booktitle = {{APCOM}'07 in conjunction with {EPMESC} {XI}},
	author = {Abbassi, Fethi and Pantalé, Olivier and Dalverny, Olivier and Zghal, Ali and Rakotomalala, Roger},
	month = dec,
	year = {2007},
	file = {Abbassi et al. - 2007 - Parametric sheet metal characterization by using M.pdf:/home/pantale/SynologyDrive/Recherche/Bibliography/Zotero/storage/QAWWHGWY/Abbassi et al. - 2007 - Parametric sheet metal characterization by using M.pdf:application/pdf}
}

@inproceedings{pantale_developpement_2004,
	title = {Développement d'un code de calcul explicite en grandes transformations: {Application} à la coupe des métaux},
	copyright = {All rights reserved},
	booktitle = {Séminaire {Optimus}},
	author = {Pantalé, Olivier and Caperaa, Serge},
	year = {2004},
	file = {Pantalé et Caperaa - 2004 - Développement d'un code de calcul explicite en gra.pdf:/home/pantale/SynologyDrive/Recherche/Bibliography/Zotero/storage/D8VJY7N2/Pantalé et Caperaa - 2004 - Développement d'un code de calcul explicite en gra.pdf:application/pdf}
}

@inproceedings{pantale_developpement_1999,
	address = {Toulouse},
	title = {Développement d'un code de calcul explicite {ALE} : {Application} à la coupe des métaux},
	copyright = {All rights reserved},
	booktitle = {14 ème congrés francais de mécanique},
	author = {Pantalé, Olivier and Rakotomalala, Roger and Caperaa, Serge},
	month = sep,
	year = {1999},
	pages = {951},
	file = {Pantalé et al. - 1999 - Développement d'un code de calcul explicite ALE  .pdf:/home/pantale/SynologyDrive/Recherche/Bibliography/Zotero/storage/ADCF7KAN/Pantalé et al. - 1999 - Développement d'un code de calcul explicite ALE  .pdf:application/pdf}
}

@inproceedings{abbassi_contribution_2008,
	address = {Nantes},
	title = {Contribution de la métrologie optique dans les processus de la mise en forme des tôles minces},
	copyright = {All rights reserved},
	booktitle = {Neuvième colloque francophone sur les méthodes et techniques optiques pour l?industrie},
	author = {Abbassi, Fethi and Mistou, Sébastien and Pantalé, Olivier and Zghal, Ali and Rakotomalala, Roger},
	month = nov,
	year = {2008}
}

@inproceedings{pantale_caracterisation_2004,
	address = {Bordeaux},
	title = {Caractérisation du comportement dynamique des matériaux à partir d'essais d'impact},
	copyright = {All rights reserved},
	booktitle = {Séminaire {Optimus}},
	author = {Pantalé, Olivier and Nistor, Ionel and Dalverny, Olivier and Gorce, Etienne and Caperaa, Serge},
	month = may,
	year = {2004},
	file = {Pantalé et al. - 2004 - Caractérisation du comportement dynamique des maté.pdf:/home/pantale/SynologyDrive/Recherche/Bibliography/Zotero/storage/Z6A9M3EA/Pantalé et al. - 2004 - Caractérisation du comportement dynamique des maté.pdf:application/pdf}
}

@inproceedings{pantale_three_1996,
	address = {St Jean de Luz},
	title = {A three dimensionnal numerical model of orthogonal and oblique metal cutting processes.},
	copyright = {All rights reserved},
	booktitle = {Dymat 10th technical meeting},
	author = {Pantalé, Olivier and Rakotomalala, Roger},
	month = oct,
	year = {1996}
}

@inproceedings{pantale_three-dimensional_1996,
	title = {A {Three}-{Dimensional} {Numerical} {Model} of {Orthogonal} and {Oblique} {Metal} {Cutting} {Processes}},
	volume = {3},
	copyright = {All rights reserved},
	booktitle = {{PD}-{Vol}. 75; {Engineering} {Systems} {Design} and {Analysis}},
	author = {Pantalé, Olivier and Rakotomalala, Roger and Touratier, Maurice and Hakem, Nawel},
	editor = {{ASME}},
	month = jul,
	year = {1996},
	pages = {199--206}
}

@inproceedings{stempfle_multiscale_2012,
	address = {Trondheim, Norway},
	title = {A multiscale tribological study of nacre : {Evidence} of wear nanomechanisms controlled by the frictional dissipated power},
	copyright = {All rights reserved},
	url = {https://hal-insu.archives-ouvertes.fr/insu-00840808},
	abstract = {Sheet nacre is a hybrid biocomposite with a multiscale structure, including nanograins of CaCO3 (97\% wt. - 40 nm in size) and two organic matrices: (i) the 'interlamellar' mainly composed of {\textbackslash}ensuremath{\textbackslash}beta-chitin and proteins, and (ii) the 'intracrystalline' mainly composed by silk-fibroin-like proteins. This material is currently studied as small prostheses with its tribological behaviour. In this work, the latter is studied by varying the frictional dissipated power from few nW to several hundreds mW, in order to study the various responses of the different nacre's components, independently. Results reveal various dissipative mechanisms vs. dissipated frictional power: organic thin film lubrication, tablet's elastoplastic deformations, stick-slip phenomenon and/or multiscale wear processes, including various thermo-mechanical processes (i.e., mineral phase transformation, organics melting and friction-induced nanoshocks process on a large range). All these mechanisms are controlled by the multiscale structure of nacre and especially by its both matrices and respective orientation vs. the sliding direction.},
	booktitle = {15th {Nordic} {Symposium} on {Tribology} ({NordTrib} 2012)},
	author = {Stempflé, Philippe and Bourrat, Xavier and Kouitat Njiwa, Richard and Pantalé, Olivier and Lopez, Evelyne and Takadoum, Jamal},
	month = jun,
	year = {2012},
	keywords = {Frictional dissipated power, Frictional dissipated power., Multiscale analysis, Nacre, Nacre - Organic matrix - Multiscale analysis -Frictional dissipated power, Organic matrix},
	pages = {1--10},
	file = {Stempflé et al. - 2012 - A multiscale tribological study of nacre  Evidenc.pdf:/home/pantale/SynologyDrive/Recherche/Bibliography/Zotero/storage/BIHEAGCS/Stempflé et al. - 2012 - A multiscale tribological study of nacre  Evidenc.pdf:application/pdf}
}

@inproceedings{menanteau_coupled_2005,
	address = {Santorini Island},
	series = {{ISBN}:84-95999-71-4},
	title = {A coupled electro-thermo-mechanical {FEM} code for large scale problems including multi-domain and multiple time-step aspects},
	copyright = {All rights reserved},
	url = {http://congress.cimne.com/coupledproblems/frontal/default.asp},
	abstract = {This work concerns the development of a virtual prototyping tool for large scale electro-thermo-mechanical simulation of power converters used in railway transport including multi-domain and multiple time-steps aspects. For this purpose, Domain Decomposition Method (DDM) is used to give on one hand the ability to treat large scale problems and on the other hand, for transient analysis, the ability to use different time-steps in different parts of the numerical model. An Object-Oriented programming in C++ is used for the development of the application, allowing integration in a single interface, high evolutivity and code maintenance. Finally, parallelization is introduced to improve the performances of the code and obtain computing times compatible with industrial developments. In a first part, we present the formulation of DDM based on a dual approach in steady-state analysis including the building of the interfacial problem. Then, as presented by Combescure et al. we extend this formulation to multiple time-step transient analysis. The Euler semi-implicit scheme used to integrate first-order systems and the Newmark scheme used to integrate second order systems are detailed for both single time-step and multiple time-step computations. Then, we present a discussion concerning the choice of the continuity at the interface for first-order systems in single time-step and multiple time-step transient analysis. In the second part, the numerical implementation of the proposed approach in the FEM code DynELA is presented with a focus on the treatment of multi-physic aspects. Parallelization of the code on a Shared Memory Processors (SMPs) computer is achieved using the OpenMP programming standard. The last part of this work concerns the study of an industrial benchmark concerning the power converters: the electro-thermal simulation of a semi-conductor chip in transient analysis. This example allows to compare different strategies of tearing into subdomains and to couple different time-steps on the same structure.},
	urldate = {2017-07-06},
	author = {Menanteau, Laurent and Pantalé, Olivier and Caperaa, Serge},
	month = may,
	year = {2005},
	file = {Menanteau et al. - 2005 - A coupled electro-thermo-mechanical FEM code for l.pdf:/home/pantale/SynologyDrive/Recherche/Bibliography/Zotero/storage/685JGU6B/Menanteau et al. - 2005 - A coupled electro-thermo-mechanical FEM code for l.pdf:application/pdf}
}

@inproceedings{garnier_methodologie_2009,
	address = {Toulouse, France},
	title = {Méthodologie pour prédire l'influence des paramètres procédés et matériaux lors de la réponse à l'impact de structures composites = {Methodology} to predict process and materials parameters on the impact response of composites structures},
	copyright = {All rights reserved},
	url = {https://hal.archives-ouvertes.fr/hal-00383696},
	booktitle = {{JNC} 16},
	publisher = {AMAC},
	author = {Garnier, Christian and Mistou, Sébastien and Felices, Jean-Noël and Hermel, Pascal and Pantalé, Olivier},
	editor = {LAMON, Philippe OLIVIER et Jacques},
	month = jun,
	year = {2009},
	keywords = {carbon/epoxy, carbone/époxy, damage tolerance, designs of experiments, impact response, plan d'expériences, réponse à l'impact, tolérance aux dommages},
	pages = {6 p.},
	file = {Garnier et al. - 2009 - Méthodologie pour prédire l'influence des paramètr.pdf:/home/pantale/SynologyDrive/Recherche/Bibliography/Zotero/storage/XT5NIJ5B/Garnier et al. - 2009 - Méthodologie pour prédire l'influence des paramètr.pdf:application/pdf}
}

@inproceedings{ming_high_2016,
	title = {High strain rate tensile testing - {Identification} of dynamic constitutive flow law using high speed tensile test and {Taylor} gas gun},
	copyright = {info:eu-repo/semantics/openAccess},
	url = {http://oatao.univ-toulouse.fr/15827/},
	abstract = {Over the last past years, numerous studies have been concentrated on dynamic mechanical properties of materials. Constitutive laws, the relation between applied forces and deformations, have also received much attention. Under large deformations and high deformation rates such as forming or machining processes, non-linear constitutive laws plays a significant role in predicting the mechanical behavior of materials. They will become more complicated if more physics are taken into account. The implementation of non-linear constitutive laws in numerical simulation requires the identification of a large number of parameters. This paper presents an inverse identification procedure of the Johnson-Cook constitutive law parameters for 2017 aluminium alloy (AlCu4MgSi) based on a new tensile test specimen.},
	urldate = {2017-07-06},
	author = {Ming, Lu and Pantalé, Olivier},
	year = {2016},
	file = {Ming et Pantalé - 2016 - High strain rate tensile testing - Identification .pdf:/home/pantale/SynologyDrive/Recherche/Bibliography/Zotero/storage/H7TU3PL8/Ming et Pantalé - 2016 - High strain rate tensile testing - Identification .pdf:application/pdf}
}

@inproceedings{abbassi_analysis_2007,
	title = {Analysis of the thinning phenomenon variations in sheet metal forming process},
	copyright = {info:eu-repo/semantics/openAccess},
	url = {http://congress.cimne.com/complas07/frontal/default.asp},
	abstract = {In many manufacturing areas such as the automotive industry (outer panels, inner panels, stiffeners etc...), the packaging industry (petfood containers, beverage cans etc...) and the household appliances industry (housings etc...), the control of the thinning variations in sheet metal forming process is a major point to study in order to ameliorate the final quality of the produced parts. In this framework, several bulge tests have been developed in order to study the thinning phenomenon during sheet metal forming processes. In this presentation, measurement of the thickness of the deformed specimens has been done using the ImageAnalyser software (based on an image analysis technique) developed by the CMAO research group in the LGP. The AISI 304L stainless steel has been selected as the tested material. Both a cylindrical and an elliptical die allowing the analysis of the thickness variation versus the load ratio and the anisotropy of sheet have been used in this work. In a second part of this communication, we present a numerical model based on the Hill 1948 anisotropic material model. The numerical results are discussed and compared with the experiments.},
	urldate = {2017-07-06},
	author = {Abbassi, Fethi and Pantalé, Olivier and Zghal, Ali and Rakotomalala, Roger},
	month = sep,
	year = {2007},
	file = {Abbassi et al. - 2007 - Analysis of the thinning phenomenon variations in .pdf:/home/pantale/SynologyDrive/Recherche/Bibliography/Zotero/storage/7KM7VCC6/Abbassi et al. - 2007 - Analysis of the thinning phenomenon variations in .pdf:application/pdf}
}

@inproceedings{bacaria_2d_2000,
	title = {{2D} and {3D} numerical models of metal cutting with damage effects},
	copyright = {All rights reserved},
	booktitle = {{ECCOMAS} 2000},
	author = {Bacaria, Jean-Louis and Dalverny, Olivier and Pantalé, Olivier and Rakotomalala, Roger and Caperaa, Serge},
	year = {2000},
	file = {Bacaria et al. - 2000 - 2D and 3D numerical models of metal cutting with d.pdf:/home/pantale/SynologyDrive/Recherche/Bibliography/Zotero/storage/3G47I3JN/Bacaria et al. - 2000 - 2D and 3D numerical models of metal cutting with d.pdf:application/pdf}
}

@inproceedings{abichou_identification_2004,
	address = {Metz},
	title = {Identification of metallic material behaviors under high-velocity impact: {A} new tensile test},
	copyright = {All rights reserved},
	booktitle = {15th {Technical} {Meeting} {DYMAT}},
	author = {Abichou, H. and Pantalé, Olivier and Nistor, Ionel and Dalverny, Olivier and Caperaa, Serge},
	month = jun,
	year = {2004},
	file = {Abichou et al. - 2004 - Identification of metallic material behaviors unde.pdf:/home/pantale/SynologyDrive/Recherche/Bibliography/Zotero/storage/G5GYZHRZ/Abichou et al. - 2004 - Identification of metallic material behaviors unde.pdf:application/pdf}
}

@inproceedings{abbassi_prediction_2006,
	title = {Prediction of {Sheet} {Metal} {Formability} ({FLD}) {By} {Using} {Diverse} {Method}},
	copyright = {All rights reserved},
	isbn = {978-1-4020-4994-1 978-1-4020-5370-2},
	url = {https://link.springer.com/chapter/10.1007/1-4020-5370-3_532},
	abstract = {In this paper we propose a procedure to evaluate the material formability based on the use of a Forming Limit Diagram. FLD method is proven to be a useful tool in the analysis of forming severity, it has been shown to be valid only for cases of proportional loading, where the ratio between the principal stresses remain constant throughout the forming process. In this works, quadratic and non quadratic Hill’s yield criteria are used to study the material formability, we determinate the limit strain by using Hill’s 93 connecting with the Swift and Hill necking condition in the case of material assuming a swift hardening low. And we compare an empirical model proposed by NADDG between theatrical results.},
	language = {en},
	urldate = {2017-07-06},
	booktitle = {{III} {European} {Conference} on {Computational} {Mechanics}},
	publisher = {Springer, Dordrecht},
	author = {Abbassi, Fethi and Pantalé, Olivier and Zghal, Ali and Rakotomalala, Roger},
	year = {2006},
	pages = {532--532},
	file = {Abbassi et al. - 2006 - Prediction of Sheet Metal Formability (FLD) By Usi.pdf:/home/pantale/SynologyDrive/Recherche/Bibliography/Zotero/storage/CVEE3GI7/Abbassi et al. - 2006 - Prediction of Sheet Metal Formability (FLD) By Usi.pdf:application/pdf}
}

@inproceedings{abbassi_steel_2007,
	address = {Beijing},
	title = {Steel deep drawing characterization by tensile test and necking study using {Digital} {Image} {Correlation}},
	copyright = {All rights reserved},
	author = {Abbassi, Fethi and Mistou, Sébastien and Pantalé, Olivier and Zghal, Ali and Rakotomalala, Roger},
	year = {2007},
	file = {Abbassi et al. - 2007 - Steel deep drawing characterization by tensile tes.pdf:/home/pantale/SynologyDrive/Recherche/Bibliography/Zotero/storage/M5LCA46J/Abbassi et al. - 2007 - Steel deep drawing characterization by tensile tes.pdf:application/pdf}
}

@inproceedings{maxime_anomaly_2018,
	title = {Anomaly {Detection} in {Orthogonal} {Metal} {Cutting} based on {Autoencoder} {Method}},
	copyright = {All rights reserved},
	doi = {10.1109/IS.2018.8710535},
	abstract = {The choice of appropriate cutting conditions is widely acknowledged as a key performance indicator for efficient machining, since it allows to mitigate tools wear. In precision machinery, tool wear can indeed lead to poor surface quality and even affect the dimensions of the final product. In such a context, the cutting and feed forces, along with other parameters are affected and are not optimal. It is therefore necessary to detect any anomaly and provide the operators in the plant with a decision support, allowing to monitor the machining conditions in order to predict the outputs values and anticipate the wear's damage on the whole cutting process. In this article, cutting speed, cutting angle, cutting width and feed depth are the input parameters. Using the extended-Oxley analytical model of orthogonal metal cutting, a sample of cutting conditions has been simulated in order to analyze the optimality of the cutting force, the feed force and the internal temperature, based on the autoencoder method. Given a threshold for decision, the results allow to identify abnormal parameters and provide significant insights for operators, allowing them to avoid error and make the best choices of the inputs for optimal cutting conditions.},
	booktitle = {2018 {International} {Conference} on {Intelligent} {Systems} ({IS})},
	author = {Maxime, Dawoua Kaoutoing and Raymond, Houé Ngouna and Olivier, Pantalé and Tibi, Beda},
	month = sep,
	year = {2018},
	keywords = {5G mobile communication, anomaly detection, autoencoder, autoencoder method, cutting, cutting tools, extended-oxley analytical model, machining conditions, neural nets, Orthogonal metal cutting, orthogonal metal cutting process, production engineering computing, simulation, tool conditions monitoring, tool wear, wear},
	pages = {485--493},
	file = {Maxime et al. - 2018 - Anomaly Detection in Orthogonal Metal Cutting base.pdf:/home/pantale/SynologyDrive/Recherche/Bibliography/Zotero/storage/ICLDQH42/Maxime et al. - 2018 - Anomaly Detection in Orthogonal Metal Cutting base.pdf:application/pdf}
}

@inproceedings{dawoua_kaoutoing_analytical_2018,
	title = {An analytical model of orthogonal metal cutting: implementation using {LMFIT} library in {Python}},
	copyright = {info:eu-repo/semantics/openAccess},
	shorttitle = {An analytical model of orthogonal metal cutting},
	url = {https://oatao.univ-toulouse.fr/22948/},
	abstract = {In this study, an analytical model for orthogonal metal cutting is presented for predicting cutting forces and temperature at tool-chip interface. In this approach, the properties of the materials are modeled by the Johnson-Cook constitutive material flow law, where the stress is a function of strain, strain rate, and temperature. The aim of the proposed work is to improve the numerical resolution of the analytical model. The determination of the optimal cutting parameters is based on the use of the Nonlinear Least-Squares Minimization and Curve-Fitting library for Python (LMFIT)  whith a dual Levenberg-Marquardt optimization algorithm that has been developed and implemented in Python. The performance of the developed model has been studied by comparing its predictions with some experimental machining data for 1045 steels. A good correlation between the results of the proposed model and those resulting from literature and experiments has been demonstrated.},
	language = {en},
	urldate = {2020-03-25},
	author = {Dawoua Kaoutoing, Maxime and Houé Ngouna, Raymond and Beda, Tibi and Pantalé, Olivier},
	month = aug,
	year = {2018},
	file = {Dawoua Kaoutoing et al. - 2018 - An analytical model of orthogonal metal cutting i.pdf:/home/pantale/SynologyDrive/Recherche/Bibliography/Zotero/storage/T2X4BTMT/Dawoua Kaoutoing et al. - 2018 - An analytical model of orthogonal metal cutting i.pdf:application/pdf}
}

@inproceedings{pantale_new_2018,
	title = {A new {Taylor} tensile impact test for the identification of dynamic material behavior law},
	copyright = {info:eu-repo/semantics/openAccess},
	url = {https://oatao.univ-toulouse.fr/22949/},
	abstract = {Strain rate has a significant influence on the material behavior subjected to dynamic loading, that is why a lot of work has been concentrated on accurate high strain rate experiments to identify the parameters of such dynamic constitutive laws. Taylor impact test, based on the use of gas gun, is well known because some ultra-high strain rates (around \$10{\textasciicircum}\{5\}{\textbackslash};s{\textasciicircum}\{-1\}\$) can be attained in this kind of test. An original tensile test, based on Taylor impact technique, has already been proposed in our laboratory (Laboratoire Génie de Production) for characterizing the behavior of materials subjected to high strain rate tensile loading, where a projectile is launched to impact a specially designed target and tensile deformation is mainly generated in the center zone of the target. In the present paper, a new design  of this target is proposed in order to optimize the results.},
	language = {en},
	urldate = {2020-03-25},
	author = {Pantalé, Olivier and Ming, Lu},
	month = aug,
	year = {2018},
	file = {Pantalé et Ming - 2018 - A new Taylor tensile impact test for the identific.pdf:/home/pantale/SynologyDrive/Recherche/Bibliography/Zotero/storage/5D5RRVBY/Pantalé et Ming - 2018 - A new Taylor tensile impact test for the identific.pdf:application/pdf}
}

@inproceedings{lemanle_sanga_approaches_2018,
	title = {Approaches to simulate impact damages on aeronautical composite structures},
	volume = {1932},
	copyright = {info:eu-repo/semantics/openAccess},
	url = {https://doi.org/10.1063/1.5024174},
	abstract = {Impact damage is one of the most critical aggressions for composite structures in aeronautical applications. Consequences of a high/low velocity and high/low energy impacts are very important to investigate. It is usually admitted that the most critical configuration is the Barely Visible Impact Damage (BVID), with impact energy of about 25 J, where some internal damages, invisible on the impacted surface of the specimen, drastically reduce the residual properties of the impacted material. In this work we highlight by the finite element simulation, the damage initiation and propagation process and the size of the defaults created by low velocity impact. Two approaches were developed: the first one is the layup technic and the second one is based on the cohesive element technic. Both technics show the plies damages by the Hashin’s criteria. Moreover the second one gives the delamination damages with regards to the Benzeggah-Kenane criteria. The validation of these models is done by confrontation with some experimental results.},
	language = {en},
	urldate = {2020-03-25},
	author = {Lemanle Sanga, Roger Pierre and Garnier, Christian and Pantalé, Olivier},
	month = feb,
	year = {2018},
	pages = {030024},
	file = {Lemanle Sanga et al. - 2018 - Approaches to simulate impact damages on aeronauti.pdf:/home/pantale/SynologyDrive/Recherche/Bibliography/Zotero/storage/AEYZIDI3/Lemanle Sanga et al. - 2018 - Approaches to simulate impact damages on aeronauti.pdf:application/pdf}
}

@phdthesis{gueye_simulation_2011,
	type = {{PhD} {Thesis}},
	title = {Simulation numérique du procédé de rétreint : application à la fabrication des bielles aéronautiques en aluminium 2024 et {TA6V}},
	shorttitle = {Simulation numérique du procédé de rétreint},
	url = {http://ethesis.inp-toulouse.fr/archive/00002678/},
	abstract = {Le procédé de rétreint fait partie de la famille des techniques de mise en forme sans enlèvement de matière. La déformation du lopin est obtenue par chocs successifs d'un ensemble de matrices disposées autour de la pièce. Ce procédé est généralement utilisé pour la réduction de section de tubes ou de barres. Dans un contexte industriel, la maîtrise des paramètres procédé et la compréhension des phénomènes sous-jacents est indispensable pour non seulement limiter le temps de développement de nouveaux produits mais aussi diminuer le nombre de rebus des références qui posent problème. L'objectif de la thèse est de répondre à ces attentes en exploitant les possibilités offertes par la simulation numérique. Dans un premier temps, les alliages étudiés ont été caractérisés mécaniquement. En effet grâce à des essais de traction et d'impact de Taylor et à l'emploi d'une méthode d'identification par analyse inverse, les paramètres de la loi d'écoulement de Johnson-Cook ont été déterminés. Dès lors différents modèles, utilisant le code Abaqus/Explicit, ont été mis en place (du 2D axisymétrique au 3D en passant des modèles en reprenant que le quart de la pièce) et la validation s'est faite grâce à des campagnes d'essais réalisés sur site. Enfin, un progiciel développé en C++ sera livré à l'industrie. Il intègre différentes fonctionnalités comme la prédiction des efforts de forge par calcul analytique. Tous ces outils numériques et analytiques ont permis de mieux comprendre le procédé en termes de chemin d'écoulement de la matière, de distribution des contraintes et déformations et de profil d'évolution d'évolution de l'effort tout au long de la mise en forme. ABSTRACT : The shrinking process is part of the family of formatting techniques without removing material.},
	urldate = {2017-07-07},
	school = {Toulouse, INPT},
	author = {Gueye, Babacar},
	month = jul,
	year = {2011},
	file = {Gueye - 2011 - Simulation numérique du procédé de rétreint  appl.pdf:/home/pantale/SynologyDrive/Recherche/Bibliography/Zotero/storage/BG7SBFJ7/Gueye - 2011 - Simulation numérique du procédé de rétreint  appl.pdf:application/pdf}
}

@phdthesis{nistor_identification_2005,
	type = {{PhD} {Thesis}},
	title = {Identification expérimentale et simulation numérique de l'endommagement en dynamique rapide : application aux structures aéronautiques},
	copyright = {info:eu-repo/semantics/openAccess},
	shorttitle = {Identification expérimentale et simulation numérique de l'endommagement en dynamique rapide},
	url = {http://ethesis.inp-toulouse.fr/archive/00000403/},
	abstract = {Ce travail concerne le développement de nouveaux outils numériques et expérimentaux afin de compléter et améliorer une plate-forme d'identification paramétrique pour les matériaux soumis à de grandes transformations thermomécaniques rapides. Sur le plan numérique un nouveau logiciel pour l'analyse numérique de la fissuration dynamique a été développé en C++ Orienté-Objet après l'implémentation de la méthode des éléments finis étendue (XFEM). La partie experimentale du travail est relative à la conception et la mise en oeuvre d'un nouvel essai d'impact, capable de caractériser le comportement des matériaux en endommagement et rupture dynamique. Afin de déterminer les valeurs des paramètres des lois et critères constitutifs en dynamique rapide, une nouvelle procedure d'identification paramétrique à été développée, basée sur une combinaison d'algorithmes de Monte-Carlo et de Levenberg-Marquardt. Le comportement d'un alliage d'aluminium a été caractérisé en déterminant les paramètres de la loi de visco-plasticité de Johnson-Cook et ceux du critère d'endommagement cohésif.},
	urldate = {2017-07-07},
	school = {Toulouse, INPT},
	author = {Nistor, Ionel},
	month = nov,
	year = {2005},
	file = {Nistor - 2005 - Identification expérimentale et simulation numériq.pdf:/home/pantale/SynologyDrive/Recherche/Bibliography/Zotero/storage/Z5ZIKFH7/Nistor - 2005 - Identification expérimentale et simulation numériq.pdf:application/pdf}
}

@phdthesis{goidescu_caracterisation_2011,
	type = {{PhD} {Thesis}},
	title = {Caractérisation et modélisation de l'endommagement par microfissuration des composites stratifiés - {Apports} des mesures de champs et de l'homogénéisation},
	url = {http://www.theses.fr/2011INPT0065},
	abstract = {Ce travail porte sur l'endommagement des matériaux composites stratifiés utilisés notamment pour la réalisation de pièces structurales minces. La dégradation de ces matériaux induite par la création et le développement de surfaces de décohésion internes est abordée sous deux angles. Une campagne expérimentale a tout d'abord été menée sur des stratifiés en carbone-époxy réalisés par infusion de résine liquide et sollicités en traction uniaxiale. Cette étude propose une analyse originale à l'aide de trois techniques optiques permettant une caractérisation de l'endommagement par mesures de champs : cinématiques (par stéréo-corrélation d'images), thermiques (par thermographie infrarouge) et densimétriques (par tomographie à rayons X). Le second volet du travail concerne la modélisation de la microfissuration dans le contexte d'une anisotropie initiale. A cette fin, une homogénéisation bidimensionnelle de milieux orthotropes fissurés permet la prise en compte de défauts d'orientation arbitraire et des effets unilatéraux (ouverture-fermeture des microfissures) au sein d'une formulation énergétique en déformation. Sur cette base, un modèle de comportement est proposé dans le cadre de la thermodynamique des processus irréversibles avec variables internes. Des simulations numériques permettent de démontrer les capacités prédictives de la formulation, en particulier la représentation du comportement non linéaire de ces matériaux, l'interaction entre les anisotropies initiale et induite et la restitution des propriétés élastiques lors de la fermeture de défauts.},
	urldate = {2017-07-07},
	school = {Toulouse, INPT},
	author = {Goidescu, Cristina},
	month = sep,
	year = {2011},
	file = {Goidescu - 2011 - Caractérisation et modélisation de l'endommagement.pdf:/home/pantale/SynologyDrive/Recherche/Bibliography/Zotero/storage/JE3GIGWN/Goidescu - 2011 - Caractérisation et modélisation de l'endommagement.pdf:application/pdf}
}

@phdthesis{abbassi_federation_2008,
	type = {{PhD} {Thesis}},
	title = {Fédération des connaissances de mise en forme dans une plateforme de prototypage virtuel},
	url = {http://www.theses.fr/2008INPT051H},
	abstract = {Une large campagne expérimentale a été engagée au cours de ce travail. Dans un premier temps on s'intéresse à l'identification classique à partir d'essais de traction. Une série d'essais de gonflement hydraulique à matrice variable a également été développée. Des techniques de mesure sans contact ont été utilisées au cours des essais d'identification et pour l'analyse de la qualité du produit fini. Les essais de gonflement hydrauliques ont été exploités dans un protocole d'identification paramétrique basé sur un couplage numérique/expérimental. Des algorithmes de type Monte-Carlo et Levenberg-Marquardt ont été utilisés. Des observations sur MEB des zones de rupture sur les éprouvettes d'essai ont été effectuées. Ceci nous a permi de choisir un modèle d'endommagement ductile de type GTN pour la simulation numérique. Ce modèle a été utilisé pour la prédiction de la rupture sur des pièces obtenues par déformation plastique. La validation expérimentale des prédictions a été effectuée.},
	urldate = {2020-03-24},
	school = {Toulouse, INPT},
	author = {Abbassi, Fethi},
	month = jan,
	year = {2008},
	keywords = {Endommagement, Mécanique de l' (milieux continus), Génie mécaniqueGénie mécanique, Hydroformage, Identification inverse, Localisation de déformation, Traitement d'images, Travail de la tôle},
	file = {Abbassi - 2008 - Fédération des connaissances de mise en forme dans.pdf:/home/pantale/SynologyDrive/Recherche/Bibliography/Zotero/storage/MCU9SZTK/Abbassi - 2008 - Fédération des connaissances de mise en forme dans.pdf:application/pdf}
}

@phdthesis{garnier_etude_2011,
	type = {{PhD} {Thesis}},
	title = {Etude du comportement dynamique des structures composites réalisées par {LRI} : application à l’impact et à la fatigue},
	shorttitle = {Etude du comportement dynamique des structures composites réalisées par {LRI}},
	url = {http://ethesis.inp-toulouse.fr/archive/00001767/},
	abstract = {Les industriels du secteur aéronautique sont, de plus en plus, à la recherche de procédés de fabrication à forte valeur ajoutée sans modifier les paramètres d’infusabilité de la résine lorsque l’on change de tissu. Nous avons donc mis en œuvre le procédé d’infusion de résine liquide sur des composites carbone/époxyde de forte épaisseur (e{\textgreater}4 mm) en modifiant les cycles de polymérisation, les matériaux utilisés et les séquences d’empilement. Tous les tissus sont en carbone et la résine utilisée est la résine commerciale RTM6. Les structures aéronautiques sont sollicitées, en service, de différentes façons. Elles peuvent être accidentellement impactées par des engins de maintenance, des outils, de la grêle ou toute autre forme d’impact. Le problème pour les industriels est de pouvoir détecter l’endommagement créé et de comprendre les mécanismes mis en jeu lors de l’impact mais aussi leur évolution pendant un cyclage en fatigue. Nos travaux se sont donc inscrits dans cet objectif et différentes méthodes ont été mises en œuvre : détection de défauts d’impact et suivi en temps réel par thermographie infrarouge, détection de l’indentation résiduelle par numérisation par projection de franges. Parallèlement, le phénomène d’impact a aussi été traité par une étude statistique par plan d’expérience et une modélisation avancée a été créée avec l’utilisation de surfaces cohésives. ABSTRACT: Aeronautical manufacturers are looking for the best manufacturing process giving high benefits. Moreover, it has to be implemented easily with change of woven fabrics. So, we realize thick carbon/epoxy composites (t{\textgreater}4 mm) by modifying cure cycles, woven fabrics and lay-up sequences. Concerning the constituent materials of the composites, woven fabrics are carbon made and the resin is the commercial product named RTM6. Aeronautical structures can be unfortunately stressed, in service, with different solicitations: holding, engine impact, falling objects impacts or other way. The main problem for industrials is to be able to detect the created damage, to understand the phenomena dealing with it and the damage evolution during fatigue cycles. By following this direction, different methods are developed: impact damage defects detection and evolution monitored with infrared thermography, impact residual depth measurement by fringes projection digitalization. At the same time, a statistical study made by design of experiments is completed. A numerical impact modeling is also developed by using cohesive surfaces.},
	urldate = {2020-03-24},
	school = {Toulouse, INPT},
	author = {Garnier, Christian},
	month = nov,
	year = {2011},
	file = {Garnier - 2011 - Etude du comportement dynamique des structures com.pdf:/home/pantale/SynologyDrive/Recherche/Bibliography/Zotero/storage/386DCM5J/Garnier - 2011 - Etude du comportement dynamique des structures com.pdf:application/pdf}
}

@phdthesis{ming_numerical_2018,
	type = {{PhD} {Thesis}},
	title = {A numerical platform for the identification of dynamic non-linear constitutive laws using multiple impact tests : application to metal forming and machining},
	shorttitle = {A numerical platform for the identification of dynamic non-linear constitutive laws using multiple impact tests},
	url = {http://www.theses.fr/2018INPT0016},
	abstract = {Le travail principal de cette thèse consiste à proposer une nouvelle procédure d'identification inverse appliquée aux situations de mise en forme et d'usinage des métaux, qui peut fournir un ensemble de paramètres appropriés pour toute loi constitutive elastoplastique suivant le modèle de plasticité de type J\_\{2\} avec écrouissage isotrope, en évaluant la corrélation entre les réponses expérimentales et numériques. En premier lieu, un programme d'identification a été développé, en combinant l'algorithme de Levenberg-Marquardt et des méthodes de traitement de données pour identifier les paramètres constitutifs. En termes d'expérimentation, des essais de compression et de traction dynamiques ont été effectués. La forme finale déformée des spécimens, qui repose sur une analyse post-mortem, a été choisie comme quantité d'observation. Comme pour la simulation numérique, des modèles numériques de ces mêmes procédures expérimentales ont été construits en utilisant le code éléments finis Abaqus/Explicit afin de fournir des réponses numériques. Un algorithme numérique a été proposé pour l'implémentation de lois constitutives elastoplastiques définies par l'utilisateur dans Abaqus/Explicit.},
	urldate = {2020-03-24},
	school = {Toulouse, INPT},
	author = {Ming, Lu},
	month = mar,
	year = {2018},
	keywords = {Abaqus/Explicit, Algorithmes -- Thèses et écrits académiques, Dynamic non-linear constitutive law, Génie Mécanique, Mécanique des Matériaux, Identification des paramètres, Lois de comportement dynamique non linéaire, Parameter identification, Science des matériaux -- Thèses et écrits académiques, Taylor impact test, Test d'impact de Taylor, VUMAT},
	file = {Ming - 2018 - A numerical platform for the identification of dyn.pdf:/home/pantale/SynologyDrive/Recherche/Bibliography/Zotero/storage/J93UQTYL/Ming - 2018 - A numerical platform for the identification of dyn.pdf:application/pdf}
}

@phdthesis{lemanle_sanga_evaluation_2019,
	type = {{PhD} {Thesis}},
	title = {Evaluation expérimentale et numérique des endommagements d'une structure composite sous impact pour une large gamme de vitesses et d'énergies},
	url = {http://www.theses.fr/2019INPT0078},
	abstract = {Les matériaux composites utilisés dans l’industrie aéronautique sont très souvent à base de fibres de carbone et de résine époxyde. L’utilisation de nouvelles résines implique une étude constante des critères de dimensionnement mécanique de ces matériaux. Certains de ces critères basés sur la durabilité et la résistance aux sollicitations en dynamique rapide sont faits via des études expérimentales très coûteuses. Le recours à la simulation numérique est d’une importance particulière et apporte un gain financier conséquent. Dans cette étude, nous évaluons à l’aide des expériences et de la modélisation numérique, le comportement à l’impact des structures composites. Notre attention est portée sur le composite à base de tissus de carbone haute résistance G0926 et de la résine époxyde SR1710. Les plaques composites sont fabriquées par infusion de résine liquide suivant la séquence d’empilement [[0/45]3]s puis, soumises à des impacts basse vitesse basse énergie (BV/BE) et des impacts haute vitesse haute énergie (HV/HE). La mise en évidence des endommagements de surface (indentation résiduelle) à l’aide du système ATOS-TRITOP et des endommagements internes (zone délaminée) par la thermographie infrarouge permet d’observer un comportement à l’impact fortement lié à la fois au type d’impact et à l’énergie d’impact. Des tests de compression après impact (CAI) montrent également une variabilité de la résistance mécanique résiduelle liée aux types et énergies d’impact. Des modèles numériques d’impact (2D et 3D) sur le code éléments finis ABAQUS ont ensuite été développés. Les modèles d’impact 3D basés sur lois cohésives avec des critères d’initiation des contraintes quadratiques et les critères énergétiques de propagation de Benzeggagh-Kenane permettent de prédire avec satisfaction les délaminages observés lors des expériences.},
	urldate = {2020-03-24},
	school = {Toulouse, INPT},
	author = {Lemanle Sanga, Roger Pierre},
	month = sep,
	year = {2019},
	keywords = {Impact, Numerical simulation, Génie Mécanique, Mécanique des Matériaux, Composite materials, Composites, Damage, Dynamique rapide, Dynamiques ultra-rapides, Endommagement, Fast dynamic, Identification du comportement, Identification of behavior, Impression 3D, Matériaux composites, Simulation numérique, Simulation par ordinateur, Teneur en carbone},
	file = {Lemanle Sanga - 2019 - Evaluation expérimentale et numérique des endommag.pdf:/home/pantale/SynologyDrive/Recherche/Bibliography/Zotero/storage/X9X2MJG5/Lemanle Sanga - 2019 - Evaluation expérimentale et numérique des endommag.pdf:application/pdf}
}

@phdthesis{kaoutoing_contributions_2020,
	type = {{PhD} {Thesis}},
	title = {Contributions à la modélisation et la simulation de la coupe des métaux: vers un outil d'aide à la surveillance par apprentissage},
	shorttitle = {Contributions à la modélisation et la simulation de la coupe des métaux},
	url = {http://www.theses.fr/s181048},
	abstract = {,},
	urldate = {2020-03-24},
	school = {Toulouse, INPT},
	author = {Kaoutoing, Maxime Dawoua},
	month = jan,
	year = {2020},
	keywords = {Mecanique des solides, genie mecanique, productique, transport et genie civil},
	file = {Kaoutoing - 2020 - Contributions à la modélisation et la simulation d.pdf:/home/pantale/SynologyDrive/Recherche/Bibliography/Zotero/storage/LRFFQ9QL/Kaoutoing - 2020 - Contributions à la modélisation et la simulation d.pdf:application/pdf}
}

@phdthesis{bacaria_modecomportemental_2001,
	type = {{PhD} {Thesis}},
	title = {Un modèle comportemental et transitoire pour la coupe des métaux},
	url = {http://www.theses.fr/2001INPT032H},
	abstract = {Ce document présente un modèle numérique comportemental pour la simulation de la coupe des métaux en régime transitoire et à grande vitesse. Sa particularité est de s'affranchir de l'obligation de prédéfinir la trajectoire de l'outil, grâce à l'introduction d'un critère de rupture du matériau. Ce crit̀ère, de type Johnson-Cook, a été identifié pour de l'acier 42CD4 à partir d'essais d'écrouissage. Dans le cas du tournage, ce modèle numérique permet de prédire et de retrouver la formation d'un copeau continu ou fragmenté, en fonction des conditions de coupe choisies. Une extension à une opération de fraisage est également présentée.},
	urldate = {2020-03-26},
	school = {Toulouse, INPT},
	author = {Bacaria, Jean-Louis},
	month = jan,
	year = {2001},
	keywords = {Acier -- Thèses et écrits académiques, Acier 42CD4, Génie mécanique, Génie mécanique -- Thèses et écrits académiques, Métaux -- Coupe -- Thèses et écrits académiques}
}

@phdthesis{menanteau_developpement_2004,
	type = {{PhD} {Thesis}},
	title = {Développement d'un module de prototypage virtuel multiphysique, multidomaine et multitemps : application aux convertisseurs de puissance},
	shorttitle = {Développement d'un module de prototypage virtuel multiphysique, multidomaine et multitemps},
	url = {http://www.theses.fr/2004INPT047H},
	abstract = {Ce travail concerne le développement d'un outil de prototypage virtuel pour la simulation électrothermomécanique des convertisseurs de puissance. L'implémentation de ce code de calcul, écrit en langage orienté objet, fait appel à une décomposition en sous-domaines de type Schur duale. En régime établi, le traitement des sous-domaines flottants est pris en compte tandis qu'en régime transitoire, une procédure de collaboration entre shémas d'intégration implicites et explicites est mise en oeuvre. Ces schémas d'intégration peuvent posséder des pas de temps différents les uns des autres. De plus, le code intègre des sous-programmes permettant la parallélisation des calculs et ainsi l'optimisation des temps de résolution. Les cas-tests présentés permettent de valider la méthode et de montrer les gains substanciels en temps de calcul qu'elle apporte. La dernière partie de ces travaux concerne l'étude d'un cas industriel ayant trait aux convertisseurs de puissance utilisés dans le domaine ferroviaire. Cet exemple permet de comparer différentes stratégies de découpage en sous-domaines et de coupler différents pas de temps sur la même structure.},
	urldate = {2020-03-26},
	school = {Toulouse, INPT},
	author = {Menanteau, Laurent Francis},
	month = jan,
	year = {2004},
	keywords = {Génie mécanique, Couplage, Théorie du, Décomposition (méthode mathématique), Éléments finis, Méthode des},
	file = {Menanteau - 2004 - Développement d'un module de prototypage virtuel m.pdf:/home/pantale/SynologyDrive/Recherche/Bibliography/Zotero/storage/VXDAH9UB/Menanteau - 2004 - Développement d'un module de prototypage virtuel m.pdf:application/pdf}
}

@phdthesis{sattouf_caracterisation_2003,
	type = {{PhD} {Thesis}},
	title = {Caractérisation en dynamique rapide du comportement de matériaux utilisés en aéronautique},
	url = {http://www.theses.fr/2003INPT011H},
	abstract = {L'objectif de cette thèse est d'apporter une contribution aux procédures de modélisation des problèmes en dynamique rapide. La caractérisation du comportement élastoplastique de matériaux métalliques, l'aluminium 2017 et l'acier 42CD4, en dynamique rapide constitue l'application principale des différentes démarches et méthodes mises en œuvre. Sur le plan numérique, le travail réalisé a permis d'étendre la gamme d'utilisation des lois d'écoulement par l'implémentation de nouvelles formes de lois dans un code de calcul explicite. Cette implémentation , basée sur la méthode du retour radial, a été validée au moyen de différents cas tests. La partie expérimentale du travail est relative à l'installation et à l'exploitation d'un nouveau lanceur à gaz au laboratoire. Le dispositif est destiné à réaliser des essais d'impact dans différentes configurations afin de caractériser le comportement dynamique des matériaux et des interfaces. La procédure d'identification, basée sur le programme PILOTE développé en interne, utilise une combinaison d'algorithmes de Monte-Carlo et de Levenberg-Marquard. Les résultats sont présentés pour l'aluminium 2017, l'acier 42CD4 et un interface utilisant ces deux matériaux. La validation est obtenue par comparaison entre expérience et calcul sur des structures "non conventionnelles"},
	urldate = {2020-03-26},
	school = {Toulouse, INPT},
	author = {Sattouf, Chakib},
	month = jan,
	year = {2003},
	keywords = {Impact, Dynamique rapide, Génie mécanique, Élastoplasticité, Identification, Loi de comportement, Matériaux -- Essais dynamiques, Retour radial}
}
